2021-04-12 00:00:00.134000,60008.6,59939.1,4,7
2021-04-12 00:00:00.235000,60008.1,59939.1,4,7
2021-04-12 00:00:00.341000,60010.1,59939.1,4,7
2021-04-12 00:00:00.542000,60008.8,59939.1,4,7
2021-04-12 00:00:00.835000,60009.8,59939.1,4,7
2021-04-12 00:00:00.936000,60008.8,59939.1,4,7
2021-04-12 00:00:01.036000,60009.8,59939.1,4,7
2021-04-12 00:00:01.187000,60011.5,59939.1,4,7
2021-04-12 00:00:01.289000,60011.5,59942.7,4,7
2021-04-12 00:00:02.043000,60009.8,59942.7,4,7
2021-04-12 00:00:02.194000,60008.1,59942.7,4,7
2021-04-12 00:00:02.469000,60011.5,59942.7,4,7
2021-04-12 00:00:02.714000,60009.8,59942.7,4,7
2021-04-12 00:00:02.816000,60011.5,59942.7,4,7
2021-04-12 00:00:03.106000,60009.8,59942.7,4,7
2021-04-12 00:00:03.206000,60011.5,59942.7,4,7
2021-04-12 00:00:03.683000,60008.1,59942.7,4,7
2021-04-12 00:00:03.786000,60009.8,59942.7,4,7
2021-04-12 00:00:03.888000,60008.1,59942.7,4,7
2021-04-12 00:00:04.403000,60006.9,59942.7,4,7
2021-04-12 00:00:04.503000,60008.1,59942.7,4,7
2021-04-12 00:00:04.697000,60006.9,59942.7,4,7
2021-04-12 00:00:04.803000,60008.1,59942.7,4,7
2021-04-12 00:00:04.904000,60011.5,59942.7,4,7
2021-04-12 00:00:05.006000,60006.9,59942.7,4,7
2021-04-12 00:00:05.107000,60008.1,59942.7,4,7
2021-04-12 00:00:05.217000,60011.5,59942.7,4,7
2021-04-12 00:00:05.468000,60011.5,59944.6,4,7
2021-04-12 00:00:05.545000,60012.0,59944.6,4,7
2021-04-12 00:00:05.696000,60013.3,59946.3,4,7
2021-04-12 00:00:05.797000,60014.5,59946.3,4,7
2021-04-12 00:00:05.930000,60014.5,59951.8,4,7
2021-04-12 00:00:06.081000,60009.8,59951.8,4,7
2021-04-12 00:00:06.131000,60014.8,59951.8,4,7
2021-04-12 00:00:06.231000,60009.8,59952.8,4,7
2021-04-12 00:00:06.440000,60009.8,59957.3,4,7
2021-04-12 00:00:06.490000,60012.4,59957.3,4,7
2021-04-12 00:00:06.686000,60012.4,59957.8,4,7
2021-04-12 00:00:07.031000,60012.5,59957.8,4,7
2021-04-12 00:00:07.131000,60013.0,59957.8,4,7
2021-04-12 00:00:07.189000,60013.0,59959.7,4,7
2021-04-12 00:00:07.395000,60019.3,59959.7,10,7
2021-04-12 00:00:07.814000,60019.3,59961.1,10,7
2021-04-12 00:00:08.023000,60019.3,59962.5,10,4
2021-04-12 00:00:08.173000,60043.5,59962.8,4,4
2021-04-12 00:00:08.324000,60043.9,59963.2,4,4
2021-04-12 00:00:08.535000,60046.3,59965.7,4,4
2021-04-12 00:00:08.636000,60043.9,59963.2,4,4
2021-04-12 00:00:08.823000,60047.6,59966.9,4,4
2021-04-12 00:00:08.984000,60046.3,59965.7,4,4
2021-04-12 00:00:09.084000,60047.2,59966.5,4,4
2021-04-12 00:00:09.289000,60046.3,59966.3,4,10
2021-04-12 00:00:09.540000,60044.5,59966.3,4,10
2021-04-12 00:00:09.641000,60047.2,59966.5,4,4
2021-04-12 00:00:09.691000,60047.2,59967.3,4,7
2021-04-12 00:00:09.741000,60047.7,59967.3,4,7
2021-04-12 00:00:10.134000,60047.7,59968.9,4,10
2021-04-12 00:00:10.298000,60057.3,59976.6,4,4
2021-04-12 00:00:10.399000,60057.5,59976.8,4,4
2021-04-12 00:00:10.611000,60062.2,59981.5,4,4
2021-04-12 00:00:10.891000,60062.7,59982.0,4,4
2021-04-12 00:00:11.143000,60064.2,59983.5,4,4
2021-04-12 00:00:11.247000,60062.7,59982.0,4,4
2021-04-12 00:00:11.382000,60062.8,59982.1,4,4
2021-04-12 00:00:11.488000,60066.2,59985.5,4,4
2021-04-12 00:00:11.610000,60066.7,59986.0,4,4
2021-04-12 00:00:11.761000,60066.3,59985.6,4,4
2021-04-12 00:00:11.891000,60067.5,59986.8,4,4
2021-04-12 00:00:12.108000,60066.8,59986.2,4,4
2021-04-12 00:00:12.288000,60052.0,59986.2,7,4
2021-04-12 00:00:12.439000,60052.0,59986.8,7,4
2021-04-12 00:00:12.543000,60065.3,59984.6,4,4
2021-04-12 00:00:12.643000,60067.3,59986.7,4,4
2021-04-12 00:00:12.744000,60067.8,59987.2,4,4
2021-04-12 00:00:12.896000,60067.3,59986.7,4,4
2021-04-12 00:00:12.998000,60065.3,59984.6,4,4
2021-04-12 00:00:13.512000,60067.8,59987.2,4,4
2021-04-12 00:00:13.743000,60069.7,59989.0,4,4
2021-04-12 00:00:13.843000,60069.0,59988.3,4,4
2021-04-12 00:00:13.970000,60053.5,59988.3,7,4
2021-04-12 00:00:14.070000,60053.5,59988.0,7,4
2021-04-12 00:00:14.171000,60067.5,59986.8,4,4
2021-04-12 00:00:14.306000,60069.0,59988.3,4,4
2021-04-12 00:00:14.508000,60070.5,59989.8,4,4
2021-04-12 00:00:14.711000,60071.2,59990.5,4,4
2021-04-12 00:00:14.816000,60081.6,60003.3,9,4
2021-04-12 00:00:14.918000,60081.6,60003.4,9,4
2021-04-12 00:00:15.019000,60081.6,60006.1,9,4
2021-04-12 00:00:15.125000,60081.6,60006.2,9,4
2021-04-12 00:00:15.175000,60084.9,60006.2,6,4
2021-04-12 00:00:15.226000,60084.9,60006.9,6,4
2021-04-12 00:00:15.327000,60084.9,60007.2,6,4
2021-04-12 00:00:15.478000,60084.9,60006.9,6,4
2021-04-12 00:00:15.544000,60084.9,60007.7,6,4
2021-04-12 00:00:15.745000,60084.9,60008.1,6,4
2021-04-12 00:00:15.946000,60084.9,60007.7,6,4
2021-04-12 00:00:16.047000,60084.9,60009.2,6,4
2021-04-12 00:00:16.198000,60089.8,60009.2,4,4
2021-04-12 00:00:16.362000,60088.8,60008.1,4,4
2021-04-12 00:00:16.520000,60089.8,60009.2,4,4
2021-04-12 00:00:16.623000,60090.0,60009.3,4,4
2021-04-12 00:00:16.723000,60090.3,60009.6,4,4
2021-04-12 00:00:16.824000,60092.4,60011.7,4,4
2021-04-12 00:00:17.042000,60094.5,60019.3,4,4
2021-04-12 00:00:17.193000,60099.3,60019.3,5,4
2021-04-12 00:00:17.407000,60099.3,60020.3,5,4
2021-04-12 00:00:17.509000,60099.3,60020.6,5,4
2021-04-12 00:00:17.611000,60099.3,60020.8,5,4
2021-04-12 00:00:17.661000,60101.5,60020.8,4,4
2021-04-12 00:00:17.716000,60101.3,60020.6,4,4
2021-04-12 00:00:18.030000,60101.0,60020.3,4,4
2021-04-12 00:00:18.142000,60101.5,60020.8,4,4
2021-04-12 00:00:18.312000,60101.8,60021.1,4,4
2021-04-12 00:00:18.414000,60101.8,60021.2,4,4
2021-04-12 00:00:18.729000,60104.0,60023.4,4,4
2021-04-12 00:00:18.841000,60104.4,60023.7,4,4
2021-04-12 00:00:19.124000,60106.7,60026.0,4,4
2021-04-12 00:00:19.275000,60104.0,60023.4,4,4
2021-04-12 00:00:19.376000,60106.7,60026.0,4,4
2021-04-12 00:00:19.476000,60111.9,60041.0,2,4
2021-04-12 00:00:19.577000,60111.9,60045.3,2,4
2021-04-12 00:00:19.728000,60111.9,60050.5,2,4
2021-04-12 00:00:20.147000,60119.1,60050.5,7,4
2021-04-12 00:00:20.210000,60119.8,60050.5,7,4
2021-04-12 00:00:20.420000,60119.8,60052.2,7,4
2021-04-12 00:00:20.532000,60119.8,60052.5,7,4
2021-04-12 00:00:20.634000,60119.8,60053.8,7,4
2021-04-12 00:00:21.009000,60123.0,60053.8,9,4
2021-04-12 00:00:21.160000,60127.5,60053.8,6,4
2021-04-12 00:00:21.282000,60127.5,60055.3,6,4
2021-04-12 00:00:21.433000,60127.5,60053.8,6,4
2021-04-12 00:00:21.533000,60127.5,60055.8,6,4
2021-04-12 00:00:21.639000,60130.0,60055.8,7,4
2021-04-12 00:00:21.898000,60130.0,60069.9,7,4
2021-04-12 00:00:22.133000,60130.5,60069.9,7,4
2021-04-12 00:00:22.234000,60130.5,60069.8,7,4
2021-04-12 00:00:22.389000,60131.0,60069.8,7,4
2021-04-12 00:00:22.645000,60133.0,60069.9,7,4
2021-04-12 00:00:22.889000,60133.5,60069.9,7,4
2021-04-12 00:00:22.990000,60133.5,60069.8,7,4
2021-04-12 00:00:23.130000,60134.5,60069.8,7,4
2021-04-12 00:00:23.395000,60134.0,60069.8,7,4
2021-04-12 00:00:23.643000,60134.1,60068.7,7,4
2021-04-12 00:00:23.890000,60133.0,60068.7,7,4
2021-04-12 00:00:24.108000,60133.0,60062.9,7,4
2021-04-12 00:00:24.695000,60133.0,60062.1,7,4
2021-04-12 00:00:24.900000,60133.0,60061.7,7,4
2021-04-12 00:00:25.264000,60133.0,60060.2,7,4
2021-04-12 00:00:25.626000,60133.0,60061.2,7,4
2021-04-12 00:00:25.767000,60121.0,60061.2,7,4
2021-04-12 00:00:25.968000,60121.0,60061.7,7,4
2021-04-12 00:00:26.019000,60121.5,60061.7,7,4
2021-04-12 00:00:26.284000,60122.5,60061.7,7,4
2021-04-12 00:00:26.334000,60122.5,60061.9,7,4
2021-04-12 00:00:26.554000,60125.5,60062.6,7,4
2021-04-12 00:00:26.741000,60125.5,60061.9,7,4
2021-04-12 00:00:26.841000,60126.0,60061.9,7,4
2021-04-12 00:00:26.892000,60126.0,60062.2,7,4
2021-04-12 00:00:27.018000,60126.3,60062.2,7,4
2021-04-12 00:00:27.286000,60126.0,60062.2,7,4
2021-04-12 00:00:27.992000,60126.5,60062.2,7,4
2021-04-12 00:00:28.042000,60126.5,60070.2,7,4
2021-04-12 00:00:28.243000,60127.0,60070.2,7,4
2021-04-12 00:00:28.489000,60127.5,60070.2,7,4
2021-04-12 00:00:28.539000,60127.5,60070.7,7,4
2021-04-12 00:00:28.639000,60127.5,60060.2,7,7
2021-04-12 00:00:28.727000,60128.0,60060.2,7,7
2021-04-12 00:00:28.990000,60128.5,60060.2,7,7
2021-04-12 00:00:29.143000,60128.5,60060.3,7,9
2021-04-12 00:00:29.244000,60129.0,60060.3,7,9
2021-04-12 00:00:29.498000,60129.5,60060.3,7,9
2021-04-12 00:00:29.659000,60129.5,60061.3,7,2
2021-04-12 00:00:30.183000,60129.5,60062.7,7,10
2021-04-12 00:00:30.286000,60129.5,60071.4,7,4
2021-04-12 00:00:30.391000,60129.5,60071.7,7,4
2021-04-12 00:00:30.442000,60130.0,60071.7,7,4
2021-04-12 00:00:30.551000,60130.0,60062.7,7,10
2021-04-12 00:00:30.610000,60130.0,60071.7,7,4
2021-04-12 00:00:30.711000,60130.5,60070.8,7,4
2021-04-12 00:00:30.953000,60130.5,60072.2,7,4
2021-04-12 00:00:31.103000,60129.5,60072.0,7,4
2021-04-12 00:00:31.204000,60129.5,60071.7,7,4
2021-04-12 00:00:31.273000,60132.0,60071.7,7,4
2021-04-12 00:00:31.323000,60132.0,60073.0,7,4
2021-04-12 00:00:31.565000,60132.0,60072.2,7,4
2021-04-12 00:00:31.665000,60132.3,60072.2,7,4
2021-04-12 00:00:31.895000,60132.5,60072.2,7,4
2021-04-12 00:00:31.945000,60132.5,60073.0,7,4
2021-04-12 00:00:32.046000,60132.5,60073.7,7,4
2021-04-12 00:00:32.197000,60133.0,60074.4,7,4
2021-04-12 00:00:32.247000,60133.0,60073.7,7,4
2021-04-12 00:00:32.348000,60133.0,60072.2,7,4
2021-04-12 00:00:32.448000,60132.3,60072.2,7,4
2021-04-12 00:00:32.617000,60132.3,60072.7,7,4
2021-04-12 00:00:32.722000,60130.0,60072.7,7,4
2021-04-12 00:00:32.824000,60130.0,60070.6,7,4
2021-04-12 00:00:32.928000,60130.0,60071.1,7,4
2021-04-12 00:00:33.033000,60130.0,60072.3,7,4
2021-04-12 00:00:33.083000,60130.5,60072.3,7,4
2021-04-12 00:00:33.184000,60130.5,60070.0,7,4
2021-04-12 00:00:33.290000,60131.0,60070.0,7,4
2021-04-12 00:00:33.340000,60131.0,60072.2,7,4
2021-04-12 00:00:33.491000,60131.0,60074.0,7,4
2021-04-12 00:00:33.646000,60131.1,60074.0,7,4
2021-04-12 00:00:33.702000,60131.1,60073.4,7,4
2021-04-12 00:00:33.853000,60131.1,60071.7,7,4
2021-04-12 00:00:33.911000,60131.1,60073.4,7,4
2021-04-12 00:00:34.017000,60131.1,60071.4,7,4
2021-04-12 00:00:34.168000,60131.1,60072.7,7,4
2021-04-12 00:00:34.279000,60131.1,60072.6,7,4
2021-04-12 00:00:34.383000,60131.1,60070.7,7,4
2021-04-12 00:00:34.484000,60128.0,60072.6,7,4
2021-04-12 00:00:34.588000,60128.0,60073.7,7,4
2021-04-12 00:00:34.689000,60128.0,60072.4,7,4
2021-04-12 00:00:34.790000,60128.2,60074.0,7,4
2021-04-12 00:00:34.992000,60128.2,60074.2,7,4
2021-04-12 00:00:35.095000,60128.2,60078.2,7,4
2021-04-12 00:00:35.205000,60128.2,60074.2,7,4
2021-04-12 00:00:35.354000,60128.5,60074.2,7,4
2021-04-12 00:00:35.525000,60129.0,60074.0,7,4
2021-04-12 00:00:35.731000,60129.0,60074.4,7,4
2021-04-12 00:00:35.781000,60129.5,60074.4,7,4
2021-04-12 00:00:35.838000,60129.5,60074.2,7,4
2021-04-12 00:00:35.944000,60129.5,60074.0,7,13
2021-04-12 00:00:36.046000,60130.0,60074.0,7,13
2021-04-12 00:00:36.196000,60130.0,60074.2,7,4
2021-04-12 00:00:36.247000,60130.5,60074.2,7,4
2021-04-12 00:00:36.347000,60130.5,60074.0,7,4
2021-04-12 00:00:36.515000,60131.5,60074.0,7,4
2021-04-12 00:00:36.619000,60131.5,60074.2,7,4
2021-04-12 00:00:36.725000,60131.5,60074.0,7,6
2021-04-12 00:00:36.833000,60132.0,60074.0,7,10
2021-04-12 00:00:37.149000,60132.0,60074.4,7,4
2021-04-12 00:00:37.491000,60132.0,60074.7,7,4
2021-04-12 00:00:37.595000,60132.0,60074.5,7,4
2021-04-12 00:00:37.918000,60132.0,60074.0,7,4
2021-04-12 00:00:38.028000,60132.0,60074.3,7,4
2021-04-12 00:00:38.079000,60132.3,60074.3,7,4
2021-04-12 00:00:38.180000,60132.3,60073.2,7,11
2021-04-12 00:00:38.536000,60132.3,60074.4,7,4
2021-04-12 00:00:38.894000,60132.3,60074.5,7,4
2021-04-12 00:00:39.007000,60132.3,60074.4,7,4
2021-04-12 00:00:39.827000,60132.3,60077.7,7,4
2021-04-12 00:00:39.929000,60132.3,60077.6,7,4
2021-04-12 00:00:40.096000,60132.0,60077.6,7,4
2021-04-12 00:00:40.146000,60132.0,60073.1,7,4
2021-04-12 00:00:40.252000,60132.0,60073.6,7,4
2021-04-12 00:00:40.404000,60132.0,60073.8,7,4
2021-04-12 00:00:40.505000,60132.0,60074.0,7,4
2021-04-12 00:00:40.618000,60132.0,60074.3,7,4
2021-04-12 00:00:40.927000,60132.0,60074.5,7,4
2021-04-12 00:00:41.034000,60132.0,60074.8,7,4
2021-04-12 00:00:41.504000,60132.0,60074.7,7,4
2021-04-12 00:00:41.554000,60132.3,60074.7,7,4
2021-04-12 00:00:41.606000,60132.3,60074.5,7,4
2021-04-12 00:00:41.756000,60132.3,60077.7,7,4
2021-04-12 00:00:41.937000,60132.3,60074.1,7,4
2021-04-12 00:00:42.188000,60132.3,60070.8,7,4
2021-04-12 00:00:42.390000,60132.3,60074.4,7,4
2021-04-12 00:00:42.502000,60132.3,60071.2,7,4
2021-04-12 00:00:42.822000,60132.3,60074.4,7,4
2021-04-12 00:00:42.939000,60132.3,60071.2,7,4
2021-04-12 00:00:43.039000,60132.3,60074.2,7,4
2021-04-12 00:00:43.190000,60132.3,60071.2,7,4
2021-04-12 00:00:43.822000,60132.3,60071.4,7,4
2021-04-12 00:00:44.185000,60134.6,60071.4,7,4
2021-04-12 00:00:44.236000,60134.6,60074.4,7,4
2021-04-12 00:00:44.336000,60134.6,60071.8,7,4
2021-04-12 00:00:44.437000,60134.6,60070.4,7,7
2021-04-12 00:00:44.537000,60134.6,60070.6,7,4
2021-04-12 00:00:44.638000,60134.6,60071.4,7,6
2021-04-12 00:00:44.813000,60134.6,60071.8,7,4
2021-04-12 00:00:45.140000,60134.6,60072.1,7,7
2021-04-12 00:00:45.651000,60134.6,60070.0,7,9
2021-04-12 00:00:45.902000,60134.6,60070.5,7,4
2021-04-12 00:00:46.002000,60134.6,60070.0,7,9
2021-04-12 00:00:46.155000,60134.6,60070.9,7,11
2021-04-12 00:00:46.673000,60134.6,60070.7,7,4
2021-04-12 00:00:46.733000,60134.6,60074.4,7,4
2021-04-12 00:00:46.886000,60134.6,60071.1,7,4
2021-04-12 00:00:47.091000,60134.6,60074.3,7,4
2021-04-12 00:00:47.192000,60134.6,60074.4,7,4
2021-04-12 00:00:47.292000,60134.6,60071.5,7,10
2021-04-12 00:00:47.393000,60134.8,60071.5,7,10
2021-04-12 00:00:47.646000,60134.8,60071.8,7,5
2021-04-12 00:00:48.140000,60134.8,60071.3,7,4
2021-04-12 00:00:48.727000,60134.8,60071.9,7,4
2021-04-12 00:00:48.777000,60135.3,60071.9,7,4
2021-04-12 00:00:48.828000,60135.3,60071.5,7,4
2021-04-12 00:00:48.997000,60135.3,60071.9,7,4
2021-04-12 00:00:49.048000,60135.8,60071.9,7,4
2021-04-12 00:00:49.214000,60135.8,60071.5,7,4
2021-04-12 00:00:49.315000,60136.0,60071.5,7,4
2021-04-12 00:00:49.437000,60136.0,60071.4,7,4
2021-04-12 00:00:49.526000,60134.8,60071.4,7,4
2021-04-12 00:00:49.727000,60134.8,60071.5,7,4
2021-04-12 00:00:50.441000,60134.8,60071.6,7,4
2021-04-12 00:00:50.605000,60134.8,60071.5,7,4
2021-04-12 00:00:51.037000,60134.8,60072.0,7,4
2021-04-12 00:00:51.241000,60135.8,60073.2,7,3
2021-04-12 00:00:51.498000,60136.0,60073.2,7,3
2021-04-12 00:00:51.649000,60136.0,60072.0,7,4
2021-04-12 00:00:51.782000,60136.0,60071.9,7,16
2021-04-12 00:00:51.886000,60136.3,60071.9,7,16
2021-04-12 00:00:52.103000,60136.3,60072.6,7,4
2021-04-12 00:00:52.206000,60137.2,60074.1,7,7
2021-04-12 00:00:52.406000,60138.8,60074.1,7,7
2021-04-12 00:00:52.457000,60138.8,60078.4,7,4
2021-04-12 00:00:52.579000,60138.8,60078.8,7,4
2021-04-12 00:00:52.680000,60139.2,60078.8,7,4
2021-04-12 00:00:52.806000,60139.2,60078.7,7,4
2021-04-12 00:00:53.018000,60139.2,60078.8,7,4
2021-04-12 00:00:53.119000,60139.2,60078.7,7,4
2021-04-12 00:00:53.298000,60139.2,60078.8,7,4
2021-04-12 00:00:53.414000,60139.2,60078.9,7,4
2021-04-12 00:00:53.728000,60139.2,60079.7,7,4
2021-04-12 00:00:54.219000,60139.2,60078.9,7,4
2021-04-12 00:00:54.332000,60139.2,60079.7,7,4
2021-04-12 00:00:54.440000,60139.2,60080.1,7,4
2021-04-12 00:00:54.715000,60139.2,60079.7,7,4
2021-04-12 00:00:55.022000,60139.2,60082.2,7,4
2021-04-12 00:00:55.126000,60139.2,60083.6,7,4
2021-04-12 00:00:55.231000,60139.2,60083.8,7,4
2021-04-12 00:00:55.447000,60139.2,60082.2,7,4
2021-04-12 00:00:55.608000,60139.2,60083.6,7,4
2021-04-12 00:00:55.988000,60139.2,60082.2,7,4
2021-04-12 00:00:56.157000,60139.2,60079.7,7,4
2021-04-12 00:00:56.362000,60139.2,60078.9,7,4
2021-04-12 00:00:57.119000,60139.2,60082.8,7,4
2021-04-12 00:00:57.487000,60139.2,60081.4,7,4
2021-04-12 00:00:57.692000,60139.2,60082.8,7,4
2021-04-12 00:00:57.898000,60139.2,60083.3,7,4
2021-04-12 00:00:58.960000,60139.2,60082.8,7,4
2021-04-12 00:00:59.469000,60139.2,60083.3,7,4
2021-04-12 00:00:59.910000,60139.2,60081.4,7,4
2021-04-12 00:01:00.010000,60139.2,60083.3,7,4
2021-04-12 00:01:00.257000,60139.2,60082.8,7,4
2021-04-12 00:01:00.307000,60139.2,60083.3,7,4
2021-04-12 00:01:00.560000,60139.2,60082.4,7,4
2021-04-12 00:01:00.618000,60139.2,60083.3,7,4
2021-04-12 00:01:01.049000,60139.2,60082.4,7,4
2021-04-12 00:01:01.630000,60139.2,60083.2,7,4
2021-04-12 00:01:02.809000,60139.2,60084.0,7,4
2021-04-12 00:01:03.283000,60164.7,60107.1,4,7
2021-04-12 00:01:03.686000,60163.9,60107.1,4,7
2021-04-12 00:01:03.792000,60164.7,60107.1,4,7
2021-04-12 00:01:04.231000,60165.0,60107.1,4,7
2021-04-12 00:01:04.389000,60165.8,60107.1,4,7
2021-04-12 00:01:04.489000,60164.9,60107.1,4,7
2021-04-12 00:01:04.594000,60164.5,60107.1,4,7
2021-04-12 00:01:04.694000,60164.7,60107.1,4,7
2021-04-12 00:01:05.093000,60165.4,60107.1,4,7
2021-04-12 00:01:05.203000,60164.7,60107.1,4,7
2021-04-12 00:01:05.314000,60165.0,60107.1,4,7
2021-04-12 00:01:05.437000,60164.7,60107.1,4,7
2021-04-12 00:01:05.537000,60166.0,60107.1,4,7
2021-04-12 00:01:05.688000,60166.4,60107.1,4,7
2021-04-12 00:01:06.306000,60169.3,60107.1,4,7
2021-04-12 00:01:08.219000,60169.3,60110.4,4,7
2021-04-12 00:01:10.713000,60169.7,60110.4,4,7
2021-04-12 00:01:10.813000,60174.5,60110.4,4,7
2021-04-12 00:01:10.917000,60175.4,60110.4,4,7
2021-04-12 00:01:10.968000,60175.4,60112.5,4,7
2021-04-12 00:01:11.018000,60177.4,60112.5,4,7
2021-04-12 00:01:11.119000,60178.0,60112.5,13,7
2021-04-12 00:01:11.220000,60178.2,60114.5,10,7
2021-04-12 00:01:11.324000,60174.4,60114.5,4,7
2021-04-12 00:01:11.475000,60178.2,60117.5,10,7
2021-04-12 00:01:11.640000,60186.0,60117.5,4,7
2021-04-12 00:01:11.780000,60188.5,60117.5,4,7
2021-04-12 00:01:11.886000,60193.7,60119.1,7,4
2021-04-12 00:01:11.990000,60193.7,60126.0,7,7
2021-04-12 00:01:12.145000,60201.8,60126.0,4,7
2021-04-12 00:01:12.196000,60201.8,60132.0,4,7
2021-04-12 00:01:12.346000,60199.9,60132.0,4,7
2021-04-12 00:01:12.447000,60201.9,60132.5,13,7
2021-04-12 00:01:12.702000,60201.9,60132.7,13,7
2021-04-12 00:01:13.268000,60201.9,60140.9,13,7
2021-04-12 00:01:13.670000,60205.9,60140.9,4,7
2021-04-12 00:01:13.821000,60208.7,60140.9,4,7
2021-04-12 00:01:14.236000,60208.7,60141.2,4,7
2021-04-12 00:01:14.942000,60208.7,60142.7,4,7
2021-04-12 00:01:15.346000,60208.7,60143.3,4,7
2021-04-12 00:01:15.596000,60208.7,60143.6,4,7
2021-04-12 00:01:15.961000,60208.7,60143.8,4,7
2021-04-12 00:01:16.115000,60212.8,60143.8,4,7
2021-04-12 00:01:16.372000,60216.4,60154.8,4,4
2021-04-12 00:01:16.510000,60216.4,60157.6,4,4
2021-04-12 00:01:16.632000,60236.8,60157.6,10,4
2021-04-12 00:01:16.911000,60231.5,60150.8,4,4
2021-04-12 00:01:16.961000,60231.5,60151.2,4,7
2021-04-12 00:01:17.208000,60231.5,60153.5,4,7
2021-04-12 00:01:17.258000,60236.7,60157.6,7,4
2021-04-12 00:01:17.389000,60236.7,60158.3,7,4
2021-04-12 00:01:17.493000,60236.7,60161.2,7,7
2021-04-12 00:01:18.002000,60236.7,60159.5,7,7
2021-04-12 00:01:18.220000,60236.7,60171.9,7,7
2021-04-12 00:01:18.379000,60236.6,60171.9,4,7
2021-04-12 00:01:19.369000,60236.6,60171.6,4,7
2021-04-12 00:01:20.419000,60236.1,60171.6,4,7
2021-04-12 00:01:22.209000,60236.1,60171.9,4,7
2021-04-12 00:01:22.519000,60240.4,60171.9,4,7
2021-04-12 00:01:22.622000,60240.4,60159.7,4,4
2021-04-12 00:01:22.673000,60240.4,60160.8,4,5
2021-04-12 00:01:22.723000,60240.8,60160.8,4,5
2021-04-12 00:01:22.887000,60248.5,60179.1,4,7
2021-04-12 00:01:23.039000,60247.9,60179.1,4,7
2021-04-12 00:01:23.140000,60249.2,60179.1,4,7
2021-04-12 00:01:23.240000,60249.2,60179.9,4,7
2021-04-12 00:01:23.499000,60249.2,60187.2,4,7
2021-04-12 00:01:24.200000,60249.2,60193.4,4,7
2021-04-12 00:01:24.492000,60249.2,60198.9,4,7
2021-04-12 00:01:24.708000,60250.4,60200.4,4,7
2021-04-12 00:01:24.989000,60250.9,60200.9,4,7
2021-04-12 00:01:25.124000,60270.1,60200.9,4,7
2021-04-12 00:01:25.240000,60270.1,60201.9,4,7
2021-04-12 00:01:25.519000,60270.1,60202.9,4,7
2021-04-12 00:01:25.737000,60270.1,60203.4,4,7
2021-04-12 00:01:26.036000,60270.1,60202.8,4,7
2021-04-12 00:01:26.288000,60270.1,60203.3,4,7
2021-04-12 00:01:26.491000,60270.0,60203.3,4,7
2021-04-12 00:01:26.698000,60270.0,60202.8,4,7
2021-04-12 00:01:26.900000,60268.1,60202.8,4,7
2021-04-12 00:01:27.001000,60268.1,60206.0,4,7
2021-04-12 00:01:27.108000,60268.4,60206.0,4,7
2021-04-12 00:01:27.158000,60268.4,60206.3,4,7
2021-04-12 00:01:27.308000,60268.1,60206.3,4,7
2021-04-12 00:01:27.420000,60268.5,60206.4,4,7
2021-04-12 00:01:27.487000,60279.6,60206.4,10,7
2021-04-12 00:01:27.555000,60282.3,60206.4,4,7
2021-04-12 00:01:27.605000,60277.0,60206.4,4,7
2021-04-12 00:01:27.706000,60275.7,60208.1,4,7
2021-04-12 00:01:27.833000,60277.0,60208.1,4,7
2021-04-12 00:01:27.942000,60279.6,60208.4,10,7
2021-04-12 00:01:28.197000,60279.6,60209.8,1,7
2021-04-12 00:01:28.403000,60279.6,60211.2,1,7
2021-04-12 00:01:28.698000,60279.6,60212.5,1,7
2021-04-12 00:01:28.954000,60279.6,60215.2,1,7
2021-04-12 00:01:29.155000,60279.6,60215.4,1,7
2021-04-12 00:01:30.138000,60282.3,60215.4,4,7
2021-04-12 00:01:30.320000,60281.7,60215.4,4,7
2021-04-12 00:01:30.430000,60282.0,60215.4,4,7
2021-04-12 00:01:30.704000,60282.3,60215.4,4,7
2021-04-12 00:01:31.221000,60282.6,60215.4,4,7
2021-04-12 00:01:31.591000,60282.3,60215.4,4,7
2021-04-12 00:01:31.712000,60281.6,60215.2,4,7
2021-04-12 00:01:31.923000,60277.9,60215.2,4,7
2021-04-12 00:01:32.090000,60274.9,60215.2,4,7
2021-04-12 00:01:32.252000,60274.7,60215.2,4,7
2021-04-12 00:01:32.356000,60274.8,60215.2,4,7
2021-04-12 00:01:32.632000,60274.7,60215.2,4,7
2021-04-12 00:01:32.733000,60274.4,60215.2,4,7
2021-04-12 00:01:32.834000,60274.2,60215.2,4,7
2021-04-12 00:01:32.937000,60274.7,60215.2,4,7
2021-04-12 00:01:33.044000,60274.4,60215.2,4,7
2021-04-12 00:01:33.145000,60274.7,60215.2,4,7
2021-04-12 00:01:33.258000,60274.8,60215.2,4,7
2021-04-12 00:01:33.308000,60274.8,60217.8,4,7
2021-04-12 00:01:33.411000,60274.7,60217.8,4,7
2021-04-12 00:01:33.682000,60274.1,60217.8,4,7
2021-04-12 00:01:33.732000,60274.1,60205.3,4,7
2021-04-12 00:01:33.836000,60274.2,60205.3,4,7
2021-04-12 00:01:33.937000,60274.7,60205.3,4,7
2021-04-12 00:01:34.037000,60271.7,60203.8,4,7
2021-04-12 00:01:34.146000,60268.5,60203.8,4,7
2021-04-12 00:01:34.247000,60268.4,60203.8,4,7
2021-04-12 00:01:34.351000,60265.7,60194.8,4,7
2021-04-12 00:01:34.457000,60267.5,60194.8,4,7
2021-04-12 00:01:34.562000,60267.4,60194.8,4,7
2021-04-12 00:01:34.662000,60267.5,60191.8,4,7
2021-04-12 00:01:34.790000,60261.1,60191.8,4,7
2021-04-12 00:01:34.891000,60261.6,60192.3,4,7
2021-04-12 00:01:35.102000,60261.1,60192.8,4,7
2021-04-12 00:01:35.253000,60261.0,60192.8,4,7
2021-04-12 00:01:35.375000,60261.0,60193.3,4,7
2021-04-12 00:01:35.478000,60261.1,60193.3,4,7
2021-04-12 00:01:35.629000,60258.4,60193.8,4,7
2021-04-12 00:01:35.805000,60257.9,60193.8,4,7
2021-04-12 00:01:35.924000,60257.7,60194.3,4,7
2021-04-12 00:01:36.026000,60258.4,60194.3,4,7
2021-04-12 00:01:36.127000,60258.4,60194.8,4,7
2021-04-12 00:01:36.286000,60261.0,60194.8,4,7
2021-04-12 00:01:36.337000,60261.0,60195.2,4,7
2021-04-12 00:01:36.595000,60261.0,60195.8,4,7
2021-04-12 00:01:36.872000,60261.0,60195.9,4,7
2021-04-12 00:01:37.001000,60261.6,60195.9,4,7
2021-04-12 00:01:37.106000,60261.6,60196.3,4,7
2021-04-12 00:01:37.327000,60261.6,60195.9,4,7
2021-04-12 00:01:37.601000,60261.6,60196.2,4,7
2021-04-12 00:01:37.720000,60263.5,60196.2,4,7
2021-04-12 00:01:37.871000,60263.5,60196.3,4,7
2021-04-12 00:01:38.099000,60263.5,60197.1,4,7
2021-04-12 00:01:38.236000,60263.4,60197.1,4,7
2021-04-12 00:01:38.357000,60263.5,60197.5,4,7
2021-04-12 00:01:38.597000,60263.5,60198.3,4,7
2021-04-12 00:01:38.852000,60263.9,60198.3,4,7
2021-04-12 00:01:38.996000,60263.9,60198.9,4,7
2021-04-12 00:01:39.147000,60263.5,60198.9,4,7
2021-04-12 00:01:39.333000,60263.9,60198.9,4,7
2021-04-12 00:01:39.597000,60264.0,60198.9,4,7
2021-04-12 00:01:39.703000,60263.5,60198.9,4,7
2021-04-12 00:01:39.853000,60263.5,60199.8,4,7
2021-04-12 00:01:40.004000,60270.2,60199.8,4,7
2021-04-12 00:01:40.055000,60270.2,60200.3,4,7
2021-04-12 00:01:40.107000,60272.7,60200.3,4,7
2021-04-12 00:01:40.208000,60273.0,60200.3,4,7
2021-04-12 00:01:40.308000,60273.0,60211.1,4,7
2021-04-12 00:01:40.358000,60273.2,60211.1,4,7
2021-04-12 00:01:40.550000,60273.2,60211.6,4,7
2021-04-12 00:01:40.600000,60273.4,60211.6,4,7
2021-04-12 00:01:40.840000,60273.4,60214.7,4,7
2021-04-12 00:01:40.890000,60274.7,60214.7,4,7
2021-04-12 00:01:40.997000,60274.6,60214.7,4,7
2021-04-12 00:01:41.049000,60274.6,60215.6,4,7
2021-04-12 00:01:41.099000,60275.0,60215.6,4,7
2021-04-12 00:01:41.150000,60274.6,60215.6,5,7
2021-04-12 00:01:41.299000,60274.6,60216.5,5,7
2021-04-12 00:01:41.596000,60274.6,60223.5,5,7
2021-04-12 00:01:41.803000,60274.6,60224.3,5,7
2021-04-12 00:01:42.634000,60282.0,60224.1,4,7
2021-04-12 00:01:43.001000,60282.0,60224.3,4,7
2021-04-12 00:01:43.102000,60282.8,60224.3,12,7
2021-04-12 00:01:43.303000,60282.8,60224.1,12,7
2021-04-12 00:01:43.512000,60282.8,60224.3,12,7
2021-04-12 00:01:44.128000,60282.5,60224.3,4,7
2021-04-12 00:01:44.441000,60282.5,60224.7,4,7
2021-04-12 00:01:44.650000,60282.7,60224.7,4,7
2021-04-12 00:01:44.700000,60282.7,60225.1,4,7
2021-04-12 00:01:44.808000,60282.8,60225.1,8,7
2021-04-12 00:01:44.961000,60282.8,60224.8,8,7
2021-04-12 00:01:45.177000,60283.7,60225.3,4,7
2021-04-12 00:01:46.462000,60283.7,60224.8,4,7
2021-04-12 00:01:46.671000,60283.7,60226.1,4,7
2021-04-12 00:01:47.231000,60282.7,60226.1,4,7
2021-04-12 00:01:47.541000,60282.5,60226.1,4,7
2021-04-12 00:01:47.648000,60282.5,60225.9,4,7
2021-04-12 00:01:47.698000,60280.8,60225.9,4,7
2021-04-12 00:01:47.852000,60282.5,60225.9,4,7
2021-04-12 00:01:47.953000,60282.5,60220.0,4,7
2021-04-12 00:01:48.053000,60283.7,60220.0,4,7
2021-04-12 00:01:48.104000,60282.5,60220.0,4,7
2021-04-12 00:01:48.212000,60282.5,60220.6,4,7
2021-04-12 00:01:48.477000,60282.5,60221.2,4,7
2021-04-12 00:01:48.583000,60279.6,60221.2,4,7
2021-04-12 00:01:48.693000,60279.6,60223.5,4,7
2021-04-12 00:01:48.808000,60283.7,60223.5,4,7
2021-04-12 00:01:49.209000,60281.8,60223.5,4,7
2021-04-12 00:01:49.816000,60283.7,60223.5,4,7
2021-04-12 00:01:49.867000,60283.7,60224.1,4,7
2021-04-12 00:01:50.128000,60283.7,60224.7,4,7
2021-04-12 00:01:50.472000,60283.7,60225.7,4,7
2021-04-12 00:01:50.730000,60283.7,60226.6,4,7
2021-04-12 00:01:50.970000,60283.7,60227.1,4,7
2021-04-12 00:01:51.220000,60283.7,60228.2,4,7
2021-04-12 00:01:51.492000,60283.7,60229.5,4,7
2021-04-12 00:01:51.749000,60281.7,60230.1,4,7
2021-04-12 00:01:52.007000,60284.3,60230.1,4,7
2021-04-12 00:01:53.409000,60289.5,60230.1,4,7
2021-04-12 00:01:53.615000,60289.9,60230.1,4,7
2021-04-12 00:01:53.721000,60291.3,60230.1,4,7
2021-04-12 00:01:53.824000,60292.6,60211.9,4,4
2021-04-12 00:01:53.926000,60292.9,60212.3,4,4
2021-04-12 00:01:54.027000,60293.7,60230.1,4,7
2021-04-12 00:01:54.131000,60294.9,60230.1,4,7
2021-04-12 00:01:54.231000,60294.9,60237.5,4,7
2021-04-12 00:01:54.382000,60295.0,60237.5,7,7
2021-04-12 00:01:54.532000,60295.0,60237.8,7,7
2021-04-12 00:01:54.735000,60295.0,60238.4,7,7
2021-04-12 00:01:55.036000,60295.0,60240.2,7,7
2021-04-12 00:01:55.252000,60295.0,60240.6,7,7
2021-04-12 00:01:55.506000,60295.0,60240.8,7,7
2021-04-12 00:01:55.664000,60297.9,60240.8,4,7
2021-04-12 00:01:56.127000,60297.9,60217.2,4,4
2021-04-12 00:01:56.177000,60297.9,60221.8,4,12
2021-04-12 00:01:56.228000,60302.5,60225.9,7,4
2021-04-12 00:01:56.328000,60302.5,60231.0,7,4
2021-04-12 00:01:56.429000,60312.3,60241.4,4,7
2021-04-12 00:01:56.589000,60313.6,60241.4,4,7
2021-04-12 00:01:56.689000,60313.6,60247.1,4,7
2021-04-12 00:01:56.795000,60313.1,60247.1,4,7
2021-04-12 00:01:56.896000,60313.1,60248.5,4,7
2021-04-12 00:01:56.946000,60313.6,60248.5,4,7
2021-04-12 00:01:57.047000,60313.1,60248.5,4,7
2021-04-12 00:01:57.147000,60313.6,60248.8,4,7
2021-04-12 00:01:57.391000,60313.6,60250.6,4,7
2021-04-12 00:01:57.670000,60320.9,60251.6,2,7
2021-04-12 00:01:57.812000,60316.1,60251.6,4,7
2021-04-12 00:01:58.114000,60312.2,60235.4,7,4
2021-04-12 00:01:58.217000,60312.2,60245.8,7,4
2021-04-12 00:01:58.370000,60320.9,60252.9,2,7
2021-04-12 00:01:58.631000,60320.9,60253.3,2,7
2021-04-12 00:01:58.681000,60327.7,60253.3,4,7
2021-04-12 00:01:58.789000,60326.9,60253.3,4,7
2021-04-12 00:01:58.941000,60326.9,60253.9,4,7
2021-04-12 00:01:58.991000,60327.7,60253.9,4,7
2021-04-12 00:01:59.097000,60316.1,60253.9,4,7
2021-04-12 00:01:59.212000,60326.9,60253.9,4,7
2021-04-12 00:01:59.363000,60326.9,60253.6,4,7
2021-04-12 00:01:59.614000,60327.7,60255.1,4,7
2021-04-12 00:02:00.641000,60325.8,60255.1,4,7
2021-04-12 00:02:00.752000,60315.0,60255.1,4,7
2021-04-12 00:02:00.960000,60317.2,60254.5,4,7
2021-04-12 00:02:01.068000,60315.0,60254.5,4,7
2021-04-12 00:02:01.183000,60317.2,60254.5,4,7
2021-04-12 00:02:01.234000,60317.2,60249.7,4,7
2021-04-12 00:02:01.334000,60315.9,60249.7,4,7
2021-04-12 00:02:01.474000,60315.9,60250.3,4,7
2021-04-12 00:02:01.575000,60315.0,60250.3,4,7
2021-04-12 00:02:01.788000,60315.0,60249.7,4,7
2021-04-12 00:02:01.962000,60317.2,60249.7,4,7
2021-04-12 00:02:02.013000,60317.2,60250.3,4,7
2021-04-12 00:02:02.114000,60315.9,60250.3,4,7
2021-04-12 00:02:02.512000,60314.5,60250.3,4,7
2021-04-12 00:02:02.562000,60314.5,60249.7,4,7
2021-04-12 00:02:02.612000,60313.2,60249.7,4,7
2021-04-12 00:02:02.717000,60313.1,60249.7,4,7
2021-04-12 00:02:02.821000,60313.1,60246.0,4,7
2021-04-12 00:02:02.922000,60313.2,60246.0,4,7
2021-04-12 00:02:03.030000,60309.2,60246.0,4,7
2021-04-12 00:02:03.181000,60309.3,60246.8,4,7
2021-04-12 00:02:03.331000,60309.0,60246.0,4,7
2021-04-12 00:02:03.481000,60309.2,60246.0,4,7
2021-04-12 00:02:03.631000,60309.3,60246.0,4,7
2021-04-12 00:02:03.750000,60309.3,60238.4,4,7
2021-04-12 00:02:03.803000,60313.2,60238.4,4,7
2021-04-12 00:02:04.003000,60313.2,60235.6,4,7
2021-04-12 00:02:04.054000,60314.0,60235.6,4,7
2021-04-12 00:02:04.167000,60313.2,60235.6,4,7
2021-04-12 00:02:04.274000,60314.0,60240.7,4,7
2021-04-12 00:02:04.489000,60314.0,60241.6,4,7
2021-04-12 00:02:04.593000,60314.1,60241.6,4,7
2021-04-12 00:02:04.701000,60315.1,60241.6,4,7
2021-04-12 00:02:04.752000,60315.1,60242.5,4,7
2021-04-12 00:02:04.950000,60315.0,60242.5,4,7
2021-04-12 00:02:05.101000,60314.0,60243.2,4,7
2021-04-12 00:02:05.151000,60315.0,60243.2,4,7
2021-04-12 00:02:05.251000,60316.1,60244.1,4,7
2021-04-12 00:02:05.416000,60320.9,60244.1,10,7
2021-04-12 00:02:05.519000,60320.9,60245.0,10,7
2021-04-12 00:02:05.623000,60317.0,60245.0,4,7
2021-04-12 00:02:05.726000,60315.1,60245.0,4,7
2021-04-12 00:02:05.827000,60315.1,60245.3,4,7
2021-04-12 00:02:05.927000,60320.9,60245.3,10,7
2021-04-12 00:02:05.980000,60320.9,60246.6,10,7
2021-04-12 00:02:06.142000,60315.1,60246.6,4,7
2021-04-12 00:02:06.306000,60320.1,60246.6,4,7
2021-04-12 00:02:06.356000,60320.1,60247.1,4,7
2021-04-12 00:02:06.457000,60315.1,60247.1,4,7
2021-04-12 00:02:06.507000,60320.5,60247.1,4,7
2021-04-12 00:02:06.608000,60320.5,60247.6,4,7
2021-04-12 00:02:06.708000,60323.5,60247.6,4,7
2021-04-12 00:02:06.809000,60315.5,60247.6,4,7
2021-04-12 00:02:06.959000,60315.5,60247.9,4,7
2021-04-12 00:02:07.113000,60315.5,60248.1,4,7
2021-04-12 00:02:07.264000,60315.0,60248.1,4,7
2021-04-12 00:02:07.364000,60315.5,60247.6,4,7
2021-04-12 00:02:07.465000,60314.0,60247.6,4,7
2021-04-12 00:02:07.616000,60314.0,60244.6,4,7
2021-04-12 00:02:07.666000,60313.4,60248.2,4,4
2021-04-12 00:02:07.785000,60309.3,60248.2,4,4
2021-04-12 00:02:07.886000,60309.2,60248.2,4,4
2021-04-12 00:02:07.991000,60309.3,60248.2,4,4
2021-04-12 00:02:08.092000,60309.2,60248.2,4,4
2021-04-12 00:02:08.143000,60309.2,60245.1,4,7
2021-04-12 00:02:08.342000,60309.3,60245.1,4,7
2021-04-12 00:02:08.474000,60309.2,60245.1,4,7
2021-04-12 00:02:08.736000,60309.3,60245.1,4,7
2021-04-12 00:02:08.900000,60309.2,60245.1,4,7
2021-04-12 00:02:09.108000,60307.9,60245.1,4,7
2021-04-12 00:02:09.263000,60303.3,60245.1,4,7
2021-04-12 00:02:09.518000,60302.2,60245.1,4,7
2021-04-12 00:02:09.621000,60301.5,60244.6,4,7
2021-04-12 00:02:09.723000,60299.9,60244.6,4,7
2021-04-12 00:02:09.835000,60299.9,60235.7,4,7
2021-04-12 00:02:10.033000,60296.2,60235.7,4,7
2021-04-12 00:02:10.390000,60294.2,60235.7,4,7
2021-04-12 00:02:10.495000,60298.3,60235.7,4,7
2021-04-12 00:02:10.595000,60294.2,60227.6,4,7
2021-04-12 00:02:10.802000,60291.8,60227.6,4,7
2021-04-12 00:02:10.956000,60291.1,60227.6,4,7
2021-04-12 00:02:11.234000,60289.6,60227.6,4,7
2021-04-12 00:02:11.335000,60289.5,60227.6,4,7
2021-04-12 00:02:11.486000,60289.0,60227.6,4,7
2021-04-12 00:02:11.536000,60288.0,60218.6,4,7
2021-04-12 00:02:11.636000,60288.8,60218.6,4,7
2021-04-12 00:02:11.737000,60287.0,60218.6,4,7
2021-04-12 00:02:11.787000,60287.0,60218.0,4,11
2021-04-12 00:02:11.837000,60286.7,60218.0,4,11
2021-04-12 00:02:12.001000,60288.0,60218.0,4,11
2021-04-12 00:02:12.054000,60287.3,60218.0,4,11
2021-04-12 00:02:12.154000,60287.3,60217.1,4,7
2021-04-12 00:02:12.305000,60287.7,60217.1,4,7
2021-04-12 00:02:12.355000,60287.7,60217.6,4,7
2021-04-12 00:02:12.456000,60277.3,60217.6,4,7
2021-04-12 00:02:12.606000,60276.4,60218.1,4,7
2021-04-12 00:02:12.707000,60275.9,60218.1,4,7
2021-04-12 00:02:12.808000,60275.0,60218.1,4,7
2021-04-12 00:02:12.908000,60277.0,60212.8,4,7
2021-04-12 00:02:13.112000,60277.3,60212.8,4,7
2021-04-12 00:02:13.319000,60276.4,60212.8,4,7
2021-04-12 00:02:13.421000,60277.0,60212.8,4,7
2021-04-12 00:02:13.524000,60276.4,60212.8,4,7
2021-04-12 00:02:13.714000,60277.3,60212.8,4,7
2021-04-12 00:02:13.939000,60277.0,60212.8,4,7
2021-04-12 00:02:14.046000,60277.3,60212.8,4,7
2021-04-12 00:02:14.147000,60274.4,60212.8,1,7
2021-04-12 00:02:14.650000,60272.3,60212.8,10,7
2021-04-12 00:02:15.002000,60272.3,60213.1,10,7
2021-04-12 00:02:15.174000,60270.1,60213.1,6,7
2021-04-12 00:02:15.283000,60270.1,60211.1,6,7
2021-04-12 00:02:15.748000,60270.1,60213.1,6,7
2021-04-12 00:02:16.164000,60265.8,60213.1,13,7
2021-04-12 00:02:16.637000,60270.5,60213.1,7,7
2021-04-12 00:02:17.154000,60270.3,60213.1,4,7
2021-04-12 00:02:17.506000,60270.3,60211.1,4,7
2021-04-12 00:02:17.657000,60272.2,60211.1,7,7
2021-04-12 00:02:17.891000,60272.2,60211.6,7,7
2021-04-12 00:02:18.105000,60272.2,60211.1,7,7
2021-04-12 00:02:18.864000,60272.2,60209.1,7,7
2021-04-12 00:02:19.171000,60269.9,60209.1,11,7
2021-04-12 00:02:19.343000,60269.9,60209.6,11,7
2021-04-12 00:02:19.603000,60269.9,60208.7,11,7
2021-04-12 00:02:19.739000,60270.0,60208.7,10,7
2021-04-12 00:02:19.892000,60270.0,60208.2,10,7
2021-04-12 00:02:20.146000,60270.1,60208.2,4,7
2021-04-12 00:02:20.286000,60270.1,60207.7,4,7
2021-04-12 00:02:20.436000,60270.0,60207.7,4,7
2021-04-12 00:02:20.537000,60270.0,60206.2,4,7
2021-04-12 00:02:20.637000,60269.8,60206.2,10,7
2021-04-12 00:02:20.785000,60269.8,60207.7,10,7
2021-04-12 00:02:21.155000,60260.7,60207.7,10,7
2021-04-12 00:02:21.907000,60252.8,60202.8,4,7
2021-04-12 00:02:22.010000,60253.3,60203.3,4,7
2021-04-12 00:02:22.111000,60258.2,60208.2,4,7
2021-04-12 00:02:22.424000,60257.1,60207.1,4,7
2021-04-12 00:02:22.631000,60254.3,60204.3,4,7
2021-04-12 00:02:22.731000,60256.2,60206.2,4,7
2021-04-12 00:02:22.832000,60254.0,60204.0,4,7
2021-04-12 00:02:23.035000,60252.1,60202.1,4,7
2021-04-12 00:02:23.150000,60256.0,60206.0,4,7
2021-04-12 00:02:23.312000,60252.1,60200.1,4,7
2021-04-12 00:02:23.658000,60250.5,60200.1,4,7
2021-04-12 00:02:23.708000,60250.5,60194.2,4,7
2021-04-12 00:02:23.759000,60249.5,60194.2,4,7
2021-04-12 00:02:23.920000,60247.8,60194.2,4,7
2021-04-12 00:02:23.970000,60247.8,60188.7,4,7
2021-04-12 00:02:24.121000,60248.6,60188.7,4,7
2021-04-12 00:02:24.467000,60250.4,60188.7,4,7
2021-04-12 00:02:24.648000,60247.2,60188.7,10,7
2021-04-12 00:02:25.139000,60246.7,60188.7,4,7
2021-04-12 00:02:25.544000,60246.7,60191.2,4,7
2021-04-12 00:02:25.803000,60246.7,60191.4,4,7
2021-04-12 00:02:26.061000,60246.7,60193.3,4,7
2021-04-12 00:02:26.162000,60247.7,60193.3,13,7
2021-04-12 00:02:26.313000,60247.7,60191.4,13,7
2021-04-12 00:02:26.564000,60247.7,60193.3,13,7
2021-04-12 00:02:26.635000,60248.3,60193.3,7,7
2021-04-12 00:02:26.793000,60248.3,60193.8,7,7
2021-04-12 00:02:26.996000,60242.1,60192.1,4,7
2021-04-12 00:02:27.047000,60242.1,60187.8,4,7
2021-04-12 00:02:27.147000,60241.6,60187.8,4,7
2021-04-12 00:02:27.405000,60241.3,60187.8,4,7
2021-04-12 00:02:27.509000,60241.6,60187.8,4,7
2021-04-12 00:02:27.616000,60242.1,60187.8,4,7
2021-04-12 00:02:27.724000,60241.6,60187.8,4,7
2021-04-12 00:02:27.837000,60243.7,60187.8,4,7
2021-04-12 00:02:28.058000,60248.1,60187.8,2,7
2021-04-12 00:02:28.158000,60247.0,60187.8,10,7
2021-04-12 00:02:28.623000,60241.4,60187.8,4,7
2021-04-12 00:02:30.303000,60240.7,60187.8,4,7
2021-04-12 00:02:30.404000,60241.4,60187.8,4,7
2021-04-12 00:02:30.512000,60241.3,60187.8,4,7
2021-04-12 00:02:30.614000,60241.4,60187.8,4,7
2021-04-12 00:02:31.609000,60240.7,60187.8,4,7
2021-04-12 00:02:32.346000,60242.1,60187.8,4,7
2021-04-12 00:02:32.513000,60240.2,60187.8,4,7
2021-04-12 00:02:32.668000,60242.1,60187.8,4,7
2021-04-12 00:02:32.731000,60240.2,60187.8,4,7
2021-04-12 00:02:33.056000,60240.3,60187.8,4,7
2021-04-12 00:02:33.157000,60240.3,60189.6,4,7
2021-04-12 00:02:33.274000,60240.4,60189.6,4,7
2021-04-12 00:02:33.429000,60240.4,60188.3,4,7
2021-04-12 00:02:33.634000,60240.4,60190.3,4,7
2021-04-12 00:02:33.882000,60240.4,60189.4,4,7
2021-04-12 00:02:34.150000,60241.8,60191.8,4,7
2021-04-12 00:02:34.254000,60240.5,60190.5,4,7
2021-04-12 00:02:34.508000,60241.3,60191.3,4,7
2021-04-12 00:02:34.658000,60241.0,60191.0,4,7
2021-04-12 00:02:34.769000,60241.0,60191.0,4,7
2021-04-12 00:02:35.025000,60243.2,60193.2,4,7
2021-04-12 00:02:35.132000,60240.4,60190.4,4,7
2021-04-12 00:02:35.183000,60241.1,60191.1,4,7
2021-04-12 00:02:35.284000,60245.2,60195.2,4,7
2021-04-12 00:02:35.508000,60243.2,60193.2,4,7
2021-04-12 00:02:35.659000,60246.0,60193.2,4,7
2021-04-12 00:02:35.723000,60240.6,60190.6,4,7
2021-04-12 00:02:35.827000,60245.5,60193.2,4,7
2021-04-12 00:02:36.120000,60245.5,60192.7,4,7
2021-04-12 00:02:36.416000,60245.5,60193.2,4,7
2021-04-12 00:02:36.519000,60241.1,60191.1,4,7
2021-04-12 00:02:36.670000,60243.5,60193.5,4,7
2021-04-12 00:02:36.720000,60242.2,60192.2,4,7
2021-04-12 00:02:36.821000,60247.3,60193.5,3,7
2021-04-12 00:02:36.871000,60247.3,60195.0,3,7
2021-04-12 00:02:36.972000,60245.8,60195.0,4,7
2021-04-12 00:02:37.122000,60245.8,60189.0,4,7
2021-04-12 00:02:37.388000,60246.7,60189.0,8,7
2021-04-12 00:02:37.438000,60246.7,60195.0,8,7
2021-04-12 00:02:37.643000,60248.8,60195.0,11,7
2021-04-12 00:02:37.732000,60249.3,60195.0,13,7
2021-04-12 00:02:38.132000,60248.7,60195.0,13,7
2021-04-12 00:02:38.280000,60248.7,60190.5,13,7
2021-04-12 00:02:38.496000,60248.7,60191.0,13,7
2021-04-12 00:02:38.737000,60248.7,60191.5,13,7
2021-04-12 00:02:39.011000,60248.7,60192.0,13,7
2021-04-12 00:02:39.270000,60248.7,60190.5,13,7
2021-04-12 00:02:39.528000,60248.7,60187.8,13,7
2021-04-12 00:02:39.629000,60244.1,60187.8,4,7
2021-04-12 00:02:39.779000,60243.1,60189.1,4,7
2021-04-12 00:02:39.995000,60243.1,60190.2,4,7
2021-04-12 00:02:40.313000,60243.1,60190.4,4,7
2021-04-12 00:02:40.590000,60243.1,60192.9,4,7
2021-04-12 00:02:40.641000,60245.5,60192.9,4,7
2021-04-12 00:02:40.818000,60245.5,60192.8,4,7
2021-04-12 00:02:41.062000,60245.5,60194.3,4,7
2021-04-12 00:02:41.405000,60246.2,60194.3,4,7
2021-04-12 00:02:41.941000,60248.6,60194.3,4,7
2021-04-12 00:02:41.991000,60248.6,60195.9,4,7
2021-04-12 00:02:42.198000,60248.8,60195.9,4,7
2021-04-12 00:02:42.302000,60248.6,60195.9,4,7
2021-04-12 00:02:42.405000,60248.8,60195.9,4,7
2021-04-12 00:02:42.570000,60248.8,60197.8,4,7
2021-04-12 00:02:42.816000,60248.8,60195.8,4,7
2021-04-12 00:02:42.967000,60248.9,60195.8,4,7
2021-04-12 00:02:43.068000,60248.9,60195.4,4,7
2021-04-12 00:02:43.175000,60248.8,60195.4,4,7
2021-04-12 00:02:43.328000,60248.8,60195.0,4,7
2021-04-12 00:02:43.634000,60248.2,60195.0,4,7
2021-04-12 00:02:43.835000,60248.2,60195.3,4,7
2021-04-12 00:02:44.087000,60248.2,60195.8,4,7
2021-04-12 00:02:44.238000,60248.1,60195.8,4,7
2021-04-12 00:02:44.366000,60248.1,60197.8,4,7
2021-04-12 00:02:44.601000,60248.4,60198.4,4,7
2021-04-12 00:02:44.709000,60248.7,60198.4,4,7
2021-04-12 00:02:44.815000,60248.7,60197.8,4,7
2021-04-12 00:02:45.093000,60248.8,60198.8,4,7
2021-04-12 00:02:45.316000,60249.3,60199.3,4,7
2021-04-12 00:02:45.600000,60248.7,60197.8,4,7
2021-04-12 00:02:45.743000,60248.8,60197.8,4,7
2021-04-12 00:02:46.252000,60248.8,60193.8,4,7
2021-04-12 00:02:46.453000,60248.6,60193.8,4,7
2021-04-12 00:02:47.145000,60248.7,60193.8,4,7
2021-04-12 00:02:47.291000,60248.6,60193.8,4,7
2021-04-12 00:02:47.395000,60249.2,60193.8,4,7
2021-04-12 00:02:47.545000,60249.7,60193.8,4,7
2021-04-12 00:02:47.709000,60250.0,60193.8,4,7
2021-04-12 00:02:47.810000,60250.0,60197.3,4,7
2021-04-12 00:02:48.065000,60250.3,60200.3,4,7
2021-04-12 00:02:48.115000,60251.1,60200.3,4,7
2021-04-12 00:02:48.215000,60250.9,60200.3,4,7
2021-04-12 00:02:48.316000,60250.6,60200.3,4,7
2021-04-12 00:02:48.467000,60250.7,60200.3,4,7
2021-04-12 00:02:48.634000,60250.8,60200.8,4,7
2021-04-12 00:02:48.704000,60256.5,60200.8,4,7
2021-04-12 00:02:48.755000,60256.5,60201.3,4,7
2021-04-12 00:02:48.807000,60256.8,60201.3,4,7
2021-04-12 00:02:48.908000,60257.7,60201.3,4,7
2021-04-12 00:02:49.009000,60257.7,60203.8,4,7
2021-04-12 00:02:49.114000,60260.3,60203.8,4,7
2021-04-12 00:02:49.219000,60261.4,60203.8,7,7
2021-04-12 00:02:49.269000,60261.4,60204.3,7,7
2021-04-12 00:02:49.483000,60261.4,60205.3,7,7
2021-04-12 00:02:49.765000,60261.4,60211.3,7,7
2021-04-12 00:02:50.023000,60261.8,60211.8,7,7
2021-04-12 00:02:50.174000,60272.3,60211.8,4,7
2021-04-12 00:02:50.225000,60271.2,60211.8,4,7
2021-04-12 00:02:50.325000,60272.3,60212.1,4,7
2021-04-12 00:02:50.426000,60270.9,60212.1,4,7
2021-04-12 00:02:50.526000,60271.4,60211.8,4,7
2021-04-12 00:02:50.627000,60272.7,60211.8,4,7
2021-04-12 00:02:50.727000,60272.3,60211.8,4,7
2021-04-12 00:02:50.928000,60272.3,60211.3,4,7
2021-04-12 00:02:51.060000,60283.5,60211.3,13,7
2021-04-12 00:02:51.175000,60284.2,60211.3,4,7
2021-04-12 00:02:51.282000,60284.1,60211.3,10,7
2021-04-12 00:02:51.406000,60284.1,60211.8,10,7
2021-04-12 00:02:51.641000,60286.9,60211.8,3,7
2021-04-12 00:02:52.169000,60291.8,60211.8,4,7
2021-04-12 00:02:52.389000,60291.8,60212.1,4,7
2021-04-12 00:02:53.155000,60292.8,60212.2,4,4
2021-04-12 00:02:55.416000,60293.2,60212.5,4,4
2021-04-12 00:02:55.519000,60293.7,60213.0,4,4
2021-04-12 00:02:56.888000,60293.3,60212.7,4,4
2021-04-12 00:02:56.991000,60293.3,60216.3,4,7
2021-04-12 00:02:57.041000,60293.7,60216.3,4,7
2021-04-12 00:02:57.211000,60293.2,60216.3,4,7
2021-04-12 00:02:57.318000,60291.4,60216.3,4,7
2021-04-12 00:02:57.368000,60291.4,60212.8,4,7
2021-04-12 00:02:57.469000,60291.8,60212.8,4,7
2021-04-12 00:02:57.604000,60291.8,60213.3,4,7
2021-04-12 00:02:57.754000,60291.4,60213.3,4,7
2021-04-12 00:02:57.807000,60296.8,60216.2,4,4
2021-04-12 00:02:57.958000,60295.5,60214.8,4,4
2021-04-12 00:02:58.058000,60293.5,60212.8,4,4
2021-04-12 00:02:58.159000,60294.9,60214.2,4,4
2021-04-12 00:02:59.199000,60294.2,60213.5,4,4
2021-04-12 00:02:59.303000,60292.7,60212.0,4,4
2021-04-12 00:02:59.995000,60286.5,60208.3,4,7
2021-04-12 00:03:00.095000,60291.7,60211.0,4,4
2021-04-12 00:03:00.196000,60282.2,60208.3,4,7
2021-04-12 00:03:00.300000,60288.1,60208.3,4,7
2021-04-12 00:03:00.401000,60288.1,60213.3,4,7
2021-04-12 00:03:00.451000,60291.0,60213.3,4,7
2021-04-12 00:03:00.806000,60292.4,60213.3,4,7
2021-04-12 00:03:00.922000,60291.0,60213.3,4,7
2021-04-12 00:03:01.022000,60291.0,60210.3,4,4
2021-04-12 00:03:01.073000,60292.4,60211.7,4,4
2021-04-12 00:03:02.196000,60289.9,60210.3,4,7
2021-04-12 00:03:02.246000,60289.9,60209.3,4,7
2021-04-12 00:03:02.392000,60290.0,60209.3,4,11
2021-04-12 00:03:02.788000,60290.0,60210.9,4,7
2021-04-12 00:03:03.291000,60290.0,60209.3,4,11
2021-04-12 00:03:03.506000,60289.9,60209.3,4,7
2021-04-12 00:03:03.557000,60289.9,60209.7,4,7
2021-04-12 00:03:03.760000,60290.9,60210.2,4,4
2021-04-12 00:03:03.987000,60290.9,60210.8,4,7
2021-04-12 00:03:04.222000,60290.9,60210.9,4,7
2021-04-12 00:03:04.523000,60291.0,60210.9,4,7
2021-04-12 00:03:04.635000,60290.9,60210.9,4,7
2021-04-12 00:03:04.994000,60290.9,60210.2,4,4
2021-04-12 00:03:05.102000,60289.2,60209.3,4,7
2021-04-12 00:03:05.447000,60289.5,60209.3,4,7
2021-04-12 00:03:05.608000,60290.9,60210.2,4,4
2021-04-12 00:03:06.117000,60289.2,60209.3,4,7
2021-04-12 00:03:06.267000,60289.2,60209.7,4,7
2021-04-12 00:03:06.423000,60289.2,60209.3,4,7
2021-04-12 00:03:06.599000,60290.9,60210.2,4,4
2021-04-12 00:03:06.699000,60289.2,60209.3,4,7
2021-04-12 00:03:06.800000,60289.2,60209.1,4,7
2021-04-12 00:03:07.042000,60289.2,60208.5,4,4
2021-04-12 00:03:07.143000,60288.9,60208.2,4,4
2021-04-12 00:03:07.269000,60287.6,60207.3,4,7
2021-04-12 00:03:07.492000,60285.7,60207.3,4,7
2021-04-12 00:03:07.596000,60285.7,60206.8,4,7
2021-04-12 00:03:07.697000,60285.3,60206.8,4,7
2021-04-12 00:03:07.801000,60284.3,60206.8,4,7
2021-04-12 00:03:07.851000,60284.3,60205.3,4,7
2021-04-12 00:03:07.958000,60284.2,60205.3,4,7
2021-04-12 00:03:08.062000,60284.1,60205.3,4,7
2021-04-12 00:03:08.113000,60284.6,60204.8,4,7
2021-04-12 00:03:08.338000,60283.8,60204.8,4,7
2021-04-12 00:03:08.439000,60284.6,60204.9,4,7
2021-04-12 00:03:08.668000,60284.6,60205.5,4,7
2021-04-12 00:03:08.892000,60284.6,60205.8,4,7
2021-04-12 00:03:08.995000,60284.7,60205.8,4,7
2021-04-12 00:03:09.098000,60283.6,60205.8,4,7
2021-04-12 00:03:09.249000,60284.1,60209.3,4,7
2021-04-12 00:03:09.399000,60276.6,60209.3,4,7
2021-04-12 00:03:09.500000,60278.3,60209.3,4,7
2021-04-12 00:03:09.604000,60279.2,60209.3,4,7
2021-04-12 00:03:09.715000,60278.3,60209.3,4,7
2021-04-12 00:03:09.824000,60277.7,60209.3,4,7
2021-04-12 00:03:09.874000,60277.7,60201.8,4,7
2021-04-12 00:03:09.925000,60275.7,60201.8,4,7
2021-04-12 00:03:10.026000,60271.8,60201.8,4,7
2021-04-12 00:03:10.127000,60271.8,60199.8,4,7
2021-04-12 00:03:10.177000,60271.0,60199.8,4,7
2021-04-12 00:03:10.349000,60271.0,60195.8,4,7
2021-04-12 00:03:10.618000,60271.0,60195.3,4,7
2021-04-12 00:03:10.669000,60268.3,60195.3,4,7
2021-04-12 00:03:10.836000,60267.4,60195.3,4,7
2021-04-12 00:03:10.939000,60268.3,60195.3,4,7
2021-04-12 00:03:11.040000,60267.4,60195.3,4,7
2021-04-12 00:03:11.141000,60258.5,60195.3,12,7
2021-04-12 00:03:11.501000,60254.4,60195.3,4,7
2021-04-12 00:03:13.792000,60255.3,60195.3,4,7
2021-04-12 00:03:14.102000,60254.7,60195.3,4,7
2021-04-12 00:03:14.206000,60254.1,60195.3,4,7
2021-04-12 00:03:14.313000,60252.1,60195.3,4,7
2021-04-12 00:03:15.044000,60252.2,60195.3,4,7
2021-04-12 00:03:15.145000,60250.4,60195.3,8,7
2021-04-12 00:03:15.447000,60250.4,60194.6,8,7
2021-04-12 00:03:15.497000,60249.8,60194.6,4,7
2021-04-12 00:03:15.603000,60250.4,60194.6,8,7
2021-04-12 00:03:15.653000,60249.4,60194.6,12,7
2021-04-12 00:03:16.714000,60241.7,60191.7,4,7
2021-04-12 00:03:17.998000,60241.5,60191.5,4,7
2021-04-12 00:03:18.212000,60241.0,60191.0,4,7
2021-04-12 00:03:18.316000,60241.5,60191.5,4,7
2021-04-12 00:03:18.416000,60240.8,60190.8,4,7
2021-04-12 00:03:18.517000,60244.5,60194.5,4,7
2021-04-12 00:03:18.794000,60244.2,60194.2,4,7
2021-04-12 00:03:18.894000,60238.1,60188.1,4,7
2021-04-12 00:03:18.995000,60231.5,60181.5,4,7
2021-04-12 00:03:19.045000,60231.5,60178.7,4,7
2021-04-12 00:03:19.312000,60230.9,60178.7,4,7
2021-04-12 00:03:19.423000,60229.5,60178.7,4,7
2021-04-12 00:03:19.526000,60221.3,60178.7,4,7
2021-04-12 00:03:19.576000,60221.3,60175.7,4,7
2021-04-12 00:03:19.737000,60222.0,60175.7,4,7
2021-04-12 00:03:19.838000,60222.0,60171.4,4,7
2021-04-12 00:03:19.888000,60219.5,60171.4,4,7
2021-04-12 00:03:19.991000,60219.1,60171.4,4,7
2021-04-12 00:03:20.043000,60219.1,60170.1,4,7
2021-04-12 00:03:20.094000,60219.5,60170.1,4,7
2021-04-12 00:03:20.144000,60216.1,60170.1,13,7
2021-04-12 00:03:20.295000,60216.1,60167.1,13,7
2021-04-12 00:03:20.701000,60215.5,60167.1,4,7
2021-04-12 00:03:20.958000,60215.0,60165.5,4,7
2021-04-12 00:03:21.634000,60213.7,60163.7,4,7
2021-04-12 00:03:21.941000,60215.5,60165.5,4,7
2021-04-12 00:03:22.131000,60214.2,60164.2,6,7
2021-04-12 00:03:22.635000,60214.3,60164.3,9,7
2021-04-12 00:03:23.131000,60213.8,60163.8,7,7
2021-04-12 00:03:23.633000,60216.2,60166.2,4,7
2021-04-12 00:03:23.931000,60217.3,60167.3,4,7
2021-04-12 00:03:24.182000,60217.6,60167.6,4,7
2021-04-12 00:03:24.545000,60218.1,60168.1,4,7
2021-04-12 00:03:24.646000,60218.3,60168.1,4,7
2021-04-12 00:03:24.746000,60220.5,60168.1,4,7
2021-04-12 00:03:24.847000,60222.9,60168.1,4,7
2021-04-12 00:03:24.997000,60223.0,60168.6,4,7
2021-04-12 00:03:25.252000,60223.0,60171.6,4,7
2021-04-12 00:03:25.302000,60223.9,60171.6,3,7
2021-04-12 00:03:25.463000,60232.1,60182.1,7,7
2021-04-12 00:03:25.636000,60228.7,60178.7,4,7
2021-04-12 00:03:25.713000,60232.6,60182.6,8,7
2021-04-12 00:03:25.993000,60233.1,60183.1,8,7
2021-04-12 00:03:26.132000,60229.6,60179.6,4,7
2021-04-12 00:03:26.232000,60233.6,60183.6,7,7
2021-04-12 00:03:26.490000,60233.1,60183.1,7,7
2021-04-12 00:03:26.634000,60231.2,60181.2,12,7
2021-04-12 00:03:26.734000,60234.7,60184.7,16,7
2021-04-12 00:03:26.991000,60237.2,60187.2,16,7
2021-04-12 00:03:27.153000,60238.6,60187.2,16,7
2021-04-12 00:03:27.256000,60238.6,60188.6,12,7
2021-04-12 00:03:27.464000,60246.7,60196.7,16,7
2021-04-12 00:03:27.636000,60251.6,60196.7,4,7
2021-04-12 00:03:27.736000,60251.6,60197.2,4,7
2021-04-12 00:03:27.993000,60253.3,60200.7,8,7
2021-04-12 00:03:28.174000,60253.7,60200.7,4,7
2021-04-12 00:03:28.274000,60253.7,60200.3,4,7
2021-04-12 00:03:28.598000,60253.7,60200.2,4,7
2021-04-12 00:03:29.165000,60253.8,60200.2,4,7
2021-04-12 00:03:29.838000,60254.6,60200.2,4,7
2021-04-12 00:03:30.393000,60254.6,60197.8,4,7
2021-04-12 00:03:30.599000,60254.7,60204.7,4,7
2021-04-12 00:03:30.846000,60254.6,60200.6,4,7
2021-04-12 00:03:31.112000,60254.6,60201.2,4,7
2021-04-12 00:03:31.347000,60254.6,60201.5,4,7
2021-04-12 00:03:31.626000,60254.6,60202.0,4,7
2021-04-12 00:03:31.855000,60254.6,60204.5,4,7
2021-04-12 00:03:32.037000,60256.3,60204.5,4,7
2021-04-12 00:03:32.137000,60256.3,60203.0,4,7
2021-04-12 00:03:32.352000,60256.3,60202.5,4,7
2021-04-12 00:03:32.453000,60260.2,60202.5,4,7
2021-04-12 00:03:32.553000,60261.5,60202.5,10,7
2021-04-12 00:03:32.603000,60261.5,60206.5,10,7
2021-04-12 00:03:32.654000,60263.6,60206.5,4,7
2021-04-12 00:03:32.842000,60263.9,60206.5,4,7
2021-04-12 00:03:32.943000,60263.9,60212.0,4,7
2021-04-12 00:03:33.203000,60263.9,60212.5,4,7
2021-04-12 00:03:33.454000,60263.7,60212.5,4,7
2021-04-12 00:03:33.506000,60263.7,60212.0,4,7
2021-04-12 00:03:33.606000,60264.2,60212.0,4,7
2021-04-12 00:03:34.313000,60267.5,60212.0,12,7
2021-04-12 00:03:34.670000,60272.1,60212.0,7,7
2021-04-12 00:03:34.913000,60272.1,60212.5,7,7
2021-04-12 00:03:35.149000,60273.5,60212.5,6,7
2021-04-12 00:03:35.441000,60273.5,60214.1,6,7
2021-04-12 00:03:35.640000,60268.7,60214.1,4,7
2021-04-12 00:03:35.691000,60268.7,60213.6,4,7
2021-04-12 00:03:36.317000,60271.0,60213.6,4,7
2021-04-12 00:03:36.469000,60268.8,60213.6,4,7
2021-04-12 00:03:36.570000,60271.4,60213.6,4,7
2021-04-12 00:03:36.721000,60271.0,60213.6,4,7
2021-04-12 00:03:36.889000,60271.4,60213.6,4,7
2021-04-12 00:03:37.545000,60271.4,60214.1,4,7
2021-04-12 00:03:37.646000,60273.7,60214.1,4,7
2021-04-12 00:03:38.124000,60274.1,60214.1,4,7
2021-04-12 00:03:38.225000,60273.7,60214.1,4,7
2021-04-12 00:03:38.391000,60273.7,60216.6,4,7
2021-04-12 00:03:38.493000,60274.1,60216.6,4,7
2021-04-12 00:03:38.750000,60274.0,60216.6,4,7
2021-04-12 00:03:38.851000,60273.7,60216.6,4,7
2021-04-12 00:03:40.986000,60273.9,60216.6,4,7
2021-04-12 00:03:41.037000,60273.9,60217.0,4,7
2021-04-12 00:03:41.137000,60274.6,60217.0,4,7
2021-04-12 00:03:41.611000,60275.0,60217.0,4,7
2021-04-12 00:03:41.836000,60274.6,60217.0,4,7
2021-04-12 00:03:42.940000,60275.1,60217.0,4,7
2021-04-12 00:03:43.040000,60274.6,60216.6,4,7
2021-04-12 00:03:43.404000,60275.3,60216.6,4,7
2021-04-12 00:03:44.078000,60275.3,60217.0,4,7
2021-04-12 00:03:44.186000,60275.4,60217.0,4,7
2021-04-12 00:03:44.345000,60275.3,60217.0,4,7
2021-04-12 00:03:44.750000,60279.7,60217.0,4,7
2021-04-12 00:03:45.322000,60279.7,60214.7,4,7
2021-04-12 00:03:45.547000,60279.7,60224.5,4,7
2021-04-12 00:03:45.648000,60276.9,60224.5,4,7
2021-04-12 00:03:46.325000,60276.9,60226.4,4,7
2021-04-12 00:03:46.558000,60276.9,60226.8,4,7
2021-04-12 00:03:46.796000,60276.9,60226.4,4,7
2021-04-12 00:03:47.076000,60276.9,60226.8,4,7
2021-04-12 00:03:48.704000,60276.9,60226.4,4,7
2021-04-12 00:03:48.965000,60276.9,60220.9,4,7
2021-04-12 00:03:49.200000,60276.9,60219.4,4,7
2021-04-12 00:03:49.417000,60276.9,60219.9,4,7
2021-04-12 00:03:49.559000,60275.4,60219.9,4,7
2021-04-12 00:03:49.665000,60275.0,60219.9,4,7
2021-04-12 00:03:49.715000,60275.0,60219.1,4,7
2021-04-12 00:03:49.920000,60272.8,60219.1,4,7
2021-04-12 00:03:50.125000,60272.8,60219.5,4,7
2021-04-12 00:03:50.391000,60272.8,60220.1,4,7
2021-04-12 00:03:50.493000,60268.5,60218.5,4,7
2021-04-12 00:03:50.596000,60268.5,60217.2,4,7
2021-04-12 00:03:50.892000,60271.2,60221.2,4,7
2021-04-12 00:03:51.116000,60270.7,60220.7,4,7
2021-04-12 00:03:51.496000,60270.1,60220.1,4,7
2021-04-12 00:03:52.020000,60269.7,60219.7,4,7
2021-04-12 00:03:52.325000,60269.7,60209.7,4,7
2021-04-12 00:03:52.376000,60270.1,60209.7,4,7
2021-04-12 00:03:52.438000,60268.8,60209.7,4,7
2021-04-12 00:03:52.589000,60268.4,60203.8,4,7
2021-04-12 00:03:52.690000,60258.0,60203.8,4,7
2021-04-12 00:03:52.791000,60256.0,60203.8,4,7
2021-04-12 00:03:52.841000,60256.0,60202.1,4,7
2021-04-12 00:03:52.892000,60254.1,60202.1,4,7
2021-04-12 00:03:52.997000,60252.3,60202.1,4,7
2021-04-12 00:03:53.049000,60252.3,60197.5,4,7
2021-04-12 00:03:53.100000,60252.0,60197.5,4,7
2021-04-12 00:03:53.250000,60251.5,60197.5,4,7
2021-04-12 00:03:53.351000,60251.4,60197.9,4,7
2021-04-12 00:03:53.585000,60251.4,60196.5,4,7
2021-04-12 00:03:53.803000,60251.2,60196.5,4,7
2021-04-12 00:03:53.954000,60249.1,60196.5,4,7
2021-04-12 00:03:54.094000,60249.1,60193.4,4,7
2021-04-12 00:03:54.305000,60249.1,60193.7,4,7
2021-04-12 00:03:54.443000,60250.8,60193.7,4,7
2021-04-12 00:03:54.594000,60251.0,60193.0,4,7
2021-04-12 00:03:54.694000,60257.9,60193.0,4,7
2021-04-12 00:03:54.795000,60258.0,60193.0,4,7
2021-04-12 00:03:54.846000,60258.0,60192.6,4,7
2021-04-12 00:03:54.946000,60258.4,60192.6,4,7
2021-04-12 00:03:54.997000,60258.0,60192.6,4,7
2021-04-12 00:03:55.100000,60258.4,60193.0,4,7
2021-04-12 00:03:55.301000,60258.4,60193.5,4,7
2021-04-12 00:03:55.791000,60258.9,60193.5,4,7
2021-04-12 00:03:55.943000,60258.9,60194.0,4,7
2021-04-12 00:03:56.099000,60258.4,60194.0,4,7
2021-04-12 00:03:56.253000,60258.9,60194.0,4,7
2021-04-12 00:03:56.354000,60258.9,60193.5,4,7
2021-04-12 00:03:56.614000,60258.9,60194.0,4,7
2021-04-12 00:03:56.827000,60258.9,60194.5,4,7
2021-04-12 00:03:56.928000,60258.4,60194.5,4,7
2021-04-12 00:03:57.134000,60258.4,60195.0,4,7
2021-04-12 00:03:57.543000,60257.4,60195.0,4,7
2021-04-12 00:03:57.593000,60257.4,60194.0,4,7
2021-04-12 00:03:57.752000,60257.9,60194.0,4,7
2021-04-12 00:03:57.856000,60257.7,60194.0,4,7
2021-04-12 00:03:58.168000,60257.7,60192.6,4,7
2021-04-12 00:03:58.312000,60257.4,60192.6,4,7
2021-04-12 00:03:58.415000,60257.5,60192.6,4,7
2021-04-12 00:03:58.671000,60257.9,60193.0,4,7
2021-04-12 00:03:58.776000,60257.5,60193.0,4,7
2021-04-12 00:03:58.877000,60256.8,60193.0,4,7
2021-04-12 00:03:59.037000,60256.8,60193.2,4,7
2021-04-12 00:03:59.087000,60257.4,60193.2,4,7
2021-04-12 00:03:59.187000,60257.4,60192.1,4,7
2021-04-12 00:03:59.436000,60257.4,60192.6,4,7
2021-04-12 00:03:59.697000,60257.4,60193.2,4,7
2021-04-12 00:03:59.798000,60257.0,60193.2,4,7
2021-04-12 00:03:59.848000,60257.4,60193.2,4,7
2021-04-12 00:03:59.899000,60257.4,60193.5,4,7
2021-04-12 00:04:00.190000,60256.8,60193.8,4,7
2021-04-12 00:04:00.392000,60256.8,60193.0,4,7
2021-04-12 00:04:00.443000,60257.5,60193.0,4,7
2021-04-12 00:04:00.543000,60257.3,60193.0,4,7
2021-04-12 00:04:00.644000,60257.3,60194.0,4,7
2021-04-12 00:04:00.909000,60257.5,60194.5,4,7
2021-04-12 00:04:01.987000,60257.5,60194.6,4,7
2021-04-12 00:04:02.038000,60257.9,60194.6,4,7
2021-04-12 00:04:02.246000,60257.9,60199.5,4,7
2021-04-12 00:04:02.501000,60257.9,60200.1,4,7
2021-04-12 00:04:02.788000,60257.9,60201.0,4,7
2021-04-12 00:04:02.993000,60257.9,60203.0,4,7
2021-04-12 00:04:03.820000,60253.1,60203.0,4,7
2021-04-12 00:04:04.227000,60253.5,60203.5,4,7
2021-04-12 00:04:04.484000,60256.5,60206.5,4,7
2021-04-12 00:04:05.098000,60257.0,60207.0,4,7
2021-04-12 00:04:05.148000,60254.4,60204.4,4,7
2021-04-12 00:04:05.315000,60258.7,60208.7,4,7
2021-04-12 00:04:05.416000,60253.1,60203.1,4,7
2021-04-12 00:04:05.559000,60259.2,60209.2,4,7
2021-04-12 00:04:05.783000,60254.4,60204.4,4,7
2021-04-12 00:04:05.883000,60260.0,60209.2,4,7
2021-04-12 00:04:05.987000,60261.1,60209.2,4,7
2021-04-12 00:04:06.090000,60267.2,60217.2,4,7
2021-04-12 00:04:06.415000,60262.1,60212.1,4,7
2021-04-12 00:04:06.465000,60267.7,60217.7,4,7
2021-04-12 00:04:06.515000,60265.1,60215.1,4,7
2021-04-12 00:04:06.632000,60264.8,60214.8,4,7
2021-04-12 00:04:07.093000,60265.2,60215.2,4,7
2021-04-12 00:04:07.205000,60265.5,60215.5,4,7
2021-04-12 00:04:07.351000,60267.6,60217.6,4,7
2021-04-12 00:04:07.505000,60270.7,60220.7,4,7
2021-04-12 00:04:07.610000,60265.7,60215.7,4,7
2021-04-12 00:04:07.711000,60266.7,60216.7,4,7
2021-04-12 00:04:07.836000,60270.6,60220.6,4,7
2021-04-12 00:04:08.449000,60270.7,60220.7,4,7
2021-04-12 00:04:08.706000,60267.0,60217.0,4,7
2021-04-12 00:04:09.328000,60271.2,60221.2,4,7
2021-04-12 00:04:09.680000,60271.7,60221.7,4,7
2021-04-12 00:04:09.942000,60272.2,60222.2,4,7
2021-04-12 00:04:10.211000,60265.7,60215.7,4,7
2021-04-12 00:04:10.311000,60271.8,60221.8,4,7
2021-04-12 00:04:10.530000,60273.6,60223.6,4,7
2021-04-12 00:04:10.702000,60268.1,60218.1,4,7
2021-04-12 00:04:10.853000,60268.4,60218.4,4,7
2021-04-12 00:04:12.007000,60269.3,60219.3,4,7
2021-04-12 00:04:12.108000,60269.7,60219.7,4,7
2021-04-12 00:04:12.505000,60269.8,60219.8,4,7
2021-04-12 00:04:12.736000,60269.7,60219.7,4,7
2021-04-12 00:04:12.906000,60269.8,60219.8,4,7
2021-04-12 00:04:13.012000,60268.3,60218.3,4,7
2021-04-12 00:04:13.130000,60270.1,60220.1,4,7
2021-04-12 00:04:13.299000,60271.7,60221.7,4,7
2021-04-12 00:04:13.399000,60270.9,60220.9,4,7
2021-04-12 00:04:13.542000,60270.9,60218.7,4,7
2021-04-12 00:04:14.111000,60271.1,60218.7,4,7
2021-04-12 00:04:14.295000,60271.1,60219.2,4,7
2021-04-12 00:04:14.546000,60270.9,60219.2,4,7
2021-04-12 00:04:15.011000,60270.9,60219.7,4,7
2021-04-12 00:04:15.226000,60270.9,60219.2,4,7
2021-04-12 00:04:15.625000,60270.6,60216.7,4,7
2021-04-12 00:04:16.597000,60270.6,60216.2,4,7
2021-04-12 00:04:17.061000,60269.6,60216.2,4,7
2021-04-12 00:04:17.161000,60270.6,60216.2,4,7
2021-04-12 00:04:17.212000,60270.6,60219.7,4,7
2021-04-12 00:04:17.430000,60270.6,60217.0,4,7
2021-04-12 00:04:17.688000,60270.6,60217.2,4,7
2021-04-12 00:04:18.453000,60270.6,60216.4,4,7
2021-04-12 00:04:18.706000,60270.6,60216.7,4,7
2021-04-12 00:04:19.990000,60269.8,60216.7,4,7
2021-04-12 00:04:20.429000,60269.8,60215.2,4,7
2021-04-12 00:04:20.599000,60269.6,60215.2,4,7
2021-04-12 00:04:20.700000,60269.6,60214.2,4,7
2021-04-12 00:04:21.337000,60269.6,60212.2,4,7
2021-04-12 00:04:21.598000,60269.6,60212.7,4,7
2021-04-12 00:04:21.845000,60269.6,60213.2,4,7
2021-04-12 00:04:22.114000,60269.6,60214.2,4,7
2021-04-12 00:04:22.219000,60270.6,60214.2,4,7
2021-04-12 00:04:22.370000,60270.6,60214.7,4,7
2021-04-12 00:04:22.575000,60270.6,60211.7,4,7
2021-04-12 00:04:22.736000,60273.2,60211.7,4,7
2021-04-12 00:04:22.838000,60273.2,60212.2,4,7
2021-04-12 00:04:22.888000,60273.8,60212.2,4,7
2021-04-12 00:04:23.081000,60273.8,60216.7,4,7
2021-04-12 00:04:23.182000,60273.3,60216.7,4,7
2021-04-12 00:04:24.416000,60275.1,60216.7,4,7
2021-04-12 00:04:25.611000,60275.1,60220.7,4,7
2021-04-12 00:04:26.204000,60275.1,60221.2,4,7
2021-04-12 00:04:26.451000,60275.1,60221.7,4,7
2021-04-12 00:04:26.808000,60273.8,60221.7,4,7
2021-04-12 00:04:27.405000,60273.8,60221.2,4,7
2021-04-12 00:04:27.649000,60273.8,60216.4,4,7
2021-04-12 00:04:27.923000,60273.8,60217.7,4,7
2021-04-12 00:04:28.151000,60273.8,60218.2,4,7
2021-04-12 00:04:28.643000,60273.8,60218.8,4,7
2021-04-12 00:04:28.892000,60273.8,60218.7,4,7
2021-04-12 00:04:28.942000,60275.1,60218.7,4,7
2021-04-12 00:04:29.714000,60275.1,60219.2,4,7
2021-04-12 00:04:30.331000,60275.8,60219.7,4,7
2021-04-12 00:04:30.435000,60275.1,60219.7,4,7
2021-04-12 00:04:31.141000,60275.6,60219.7,4,7
2021-04-12 00:04:31.305000,60276.3,60219.7,4,7
2021-04-12 00:04:31.417000,60275.6,60219.7,4,7
2021-04-12 00:04:32.151000,60276.4,60219.7,4,7
2021-04-12 00:04:33.289000,60276.4,60219.2,4,7
2021-04-12 00:04:33.547000,60276.4,60219.7,4,7
2021-04-12 00:04:34.109000,60276.4,60223.7,4,7
2021-04-12 00:04:35.701000,60276.4,60220.2,4,7
2021-04-12 00:04:37.035000,60277.7,60220.2,4,7
2021-04-12 00:04:37.136000,60277.7,60222.2,4,7
2021-04-12 00:04:37.305000,60276.4,60222.2,4,7
2021-04-12 00:04:37.406000,60276.4,60222.7,4,7
2021-04-12 00:04:37.609000,60276.4,60223.2,4,7
2021-04-12 00:04:37.901000,60277.6,60222.7,4,7
2021-04-12 00:04:39.933000,60277.6,60221.2,4,7
2021-04-12 00:04:40.245000,60278.0,60221.2,4,7
2021-04-12 00:04:41.526000,60276.3,60221.2,4,7
2021-04-12 00:04:42.466000,60279.4,60221.2,4,7
2021-04-12 00:04:43.559000,60279.4,60221.7,4,7
2021-04-12 00:04:44.658000,60277.6,60221.7,4,7
2021-04-12 00:04:45.321000,60277.8,60221.7,4,7
2021-04-12 00:04:47.214000,60278.0,60221.7,4,7
2021-04-12 00:04:48.247000,60278.1,60221.7,4,7
2021-04-12 00:04:48.610000,60279.3,60221.7,4,7
2021-04-12 00:04:48.761000,60278.1,60221.7,4,7
2021-04-12 00:04:49.185000,60279.3,60221.7,4,7
2021-04-12 00:04:51.070000,60280.6,60221.7,4,7
2021-04-12 00:04:53.603000,60279.4,60221.7,4,7
2021-04-12 00:04:53.807000,60278.1,60220.7,4,7
2021-04-12 00:04:54.051000,60278.1,60216.2,4,7
2021-04-12 00:04:54.202000,60278.0,60216.2,4,7
2021-04-12 00:04:54.302000,60278.0,60215.2,4,7
2021-04-12 00:04:54.643000,60278.0,60214.7,4,7
2021-04-12 00:04:54.806000,60278.1,60214.7,4,7
2021-04-12 00:04:54.857000,60278.1,60214.2,4,7
2021-04-12 00:04:55.230000,60279.4,60214.2,4,7
2021-04-12 00:04:55.539000,60280.6,60214.2,4,7
2021-04-12 00:04:55.640000,60280.6,60215.2,4,7
2021-04-12 00:04:55.912000,60272.0,60215.2,4,7
2021-04-12 00:04:56.121000,60273.5,60215.2,4,7
2021-04-12 00:04:56.223000,60274.8,60215.2,4,7
2021-04-12 00:04:56.325000,60273.5,60215.2,4,7
2021-04-12 00:04:56.426000,60272.0,60215.2,4,7
2021-04-12 00:04:56.593000,60272.0,60215.7,4,7
2021-04-12 00:04:56.817000,60272.0,60215.2,4,7
2021-04-12 00:04:57.186000,60272.0,60214.2,4,7
2021-04-12 00:04:57.434000,60272.0,60212.7,4,7
2021-04-12 00:04:57.695000,60272.0,60212.2,4,7
2021-04-12 00:04:57.964000,60272.0,60212.7,4,7
2021-04-12 00:04:58.185000,60272.0,60211.7,4,7
2021-04-12 00:04:58.436000,60272.0,60211.2,4,7
2021-04-12 00:04:59.335000,60272.0,60211.7,4,7
2021-04-12 00:04:59.597000,60272.0,60212.2,4,7
2021-04-12 00:05:00.608000,60271.6,60212.2,4,7
2021-04-12 00:05:00.721000,60271.7,60212.2,4,7
2021-04-12 00:05:01.048000,60271.6,60212.2,4,7
2021-04-12 00:05:01.544000,60271.6,60211.2,4,7
2021-04-12 00:05:03.799000,60269.9,60211.2,4,7
2021-04-12 00:05:04.010000,60269.9,60210.7,4,7
2021-04-12 00:05:04.115000,60266.8,60210.7,4,7
2021-04-12 00:05:04.265000,60268.2,60211.2,4,7
2021-04-12 00:05:04.366000,60265.9,60211.2,4,7
2021-04-12 00:05:04.466000,60266.8,60211.2,4,7
2021-04-12 00:05:04.517000,60266.8,60209.8,4,7
2021-04-12 00:05:04.567000,60264.8,60209.8,4,7
2021-04-12 00:05:04.667000,60266.8,60209.8,4,7
2021-04-12 00:05:04.768000,60267.1,60209.8,4,7
2021-04-12 00:05:05.091000,60263.1,60209.8,4,7
2021-04-12 00:05:07.352000,60263.1,60211.0,4,7
2021-04-12 00:05:07.452000,60264.0,60211.0,4,7
2021-04-12 00:05:07.612000,60264.0,60207.5,4,7
2021-04-12 00:05:07.867000,60263.9,60207.6,4,7
2021-04-12 00:05:08.017000,60263.8,60207.6,4,7
2021-04-12 00:05:08.118000,60263.8,60207.4,4,7
2021-04-12 00:05:08.168000,60263.5,60207.4,4,7
2021-04-12 00:05:08.283000,60263.1,60207.4,4,7
2021-04-12 00:05:08.388000,60263.1,60206.8,4,7
2021-04-12 00:05:08.602000,60263.1,60203.8,4,7
2021-04-12 00:05:08.857000,60263.1,60204.3,4,7
2021-04-12 00:05:09.105000,60263.1,60203.3,4,7
2021-04-12 00:05:09.391000,60263.1,60203.7,4,7
2021-04-12 00:05:09.597000,60263.1,60204.3,4,7
2021-04-12 00:05:09.733000,60262.4,60204.3,4,7
2021-04-12 00:05:10.097000,60262.4,60204.9,4,7
2021-04-12 00:05:10.392000,60262.4,60203.3,4,7
2021-04-12 00:05:10.599000,60262.4,60203.8,4,7
2021-04-12 00:05:10.890000,60262.4,60203.3,4,7
2021-04-12 00:05:11.098000,60262.4,60204.3,4,7
2021-04-12 00:05:11.404000,60262.4,60202.3,4,7
2021-04-12 00:05:11.835000,60262.4,60202.5,4,7
2021-04-12 00:05:12.089000,60262.4,60202.8,4,7
2021-04-12 00:05:12.601000,60262.4,60203.3,4,7
2021-04-12 00:05:12.855000,60262.4,60202.3,4,7
2021-04-12 00:05:13.858000,60262.4,60201.3,4,7
2021-04-12 00:05:14.902000,60262.4,60201.8,4,7
2021-04-12 00:05:15.157000,60262.4,60201.3,4,7
2021-04-12 00:05:15.655000,60262.4,60201.8,4,7
2021-04-12 00:05:15.925000,60262.4,60202.3,4,7
2021-04-12 00:05:16.026000,60261.0,60202.3,4,7
2021-04-12 00:05:16.127000,60262.4,60202.3,4,7
2021-04-12 00:05:16.753000,60262.4,60202.8,4,7
2021-04-12 00:05:17.919000,60262.4,60201.3,4,7
2021-04-12 00:05:18.205000,60262.4,60201.8,4,7
2021-04-12 00:05:18.448000,60262.4,60202.3,4,7
2021-04-12 00:05:18.703000,60262.4,60202.8,4,7
2021-04-12 00:05:18.912000,60262.4,60202.5,4,7
2021-04-12 00:05:19.264000,60262.0,60202.5,4,7
2021-04-12 00:05:19.526000,60262.0,60202.8,4,7
2021-04-12 00:05:19.802000,60262.0,60205.8,4,7
2021-04-12 00:05:20.005000,60262.0,60206.3,4,7
2021-04-12 00:05:20.302000,60262.0,60206.8,4,7
2021-04-12 00:05:20.510000,60262.0,60207.3,4,7
2021-04-12 00:05:20.794000,60262.0,60206.8,4,7
2021-04-12 00:05:21.124000,60262.0,60206.3,4,7
2021-04-12 00:05:21.389000,60262.0,60206.8,4,7
2021-04-12 00:05:21.910000,60262.0,60208.3,4,7
2021-04-12 00:05:22.313000,60262.0,60203.8,4,7
2021-04-12 00:05:22.733000,60262.0,60204.3,4,7
2021-04-12 00:05:22.993000,60262.0,60204.8,4,7
2021-04-12 00:05:23.938000,60262.0,60205.3,4,7
2021-04-12 00:05:24.199000,60262.0,60207.3,4,7
2021-04-12 00:05:24.447000,60262.0,60207.8,4,7
2021-04-12 00:05:24.732000,60262.0,60208.1,4,7
2021-04-12 00:05:24.935000,60262.0,60208.3,4,7
2021-04-12 00:05:25.599000,60262.0,60208.8,4,7
2021-04-12 00:05:25.856000,60263.2,60208.8,4,7
2021-04-12 00:05:26.015000,60263.2,60208.3,4,7
2021-04-12 00:05:26.377000,60263.2,60209.8,4,7
2021-04-12 00:05:26.485000,60262.0,60209.8,4,7
2021-04-12 00:05:26.535000,60263.2,60209.8,4,7
2021-04-12 00:05:26.638000,60263.2,60209.9,4,7
2021-04-12 00:05:26.842000,60262.0,60209.9,4,7
2021-04-12 00:05:26.942000,60263.7,60209.8,4,7
2021-04-12 00:05:27.152000,60263.7,60210.3,4,7
2021-04-12 00:05:27.399000,60263.7,60209.8,4,7
2021-04-12 00:05:29.913000,60263.2,60208.3,4,7
2021-04-12 00:05:30.064000,60262.0,60208.3,4,7
2021-04-12 00:05:31.707000,60262.0,60206.3,4,7
2021-04-12 00:05:32.444000,60261.0,60206.3,4,7
2021-04-12 00:05:32.847000,60261.0,60205.8,4,7
2021-04-12 00:05:33.470000,60261.0,60206.1,4,7
2021-04-12 00:05:33.704000,60261.0,60206.3,4,7
2021-04-12 00:05:34.000000,60261.0,60206.7,4,7
2021-04-12 00:05:34.199000,60261.0,60205.8,4,7
2021-04-12 00:05:34.485000,60261.0,60206.1,4,7
2021-04-12 00:05:34.705000,60260.9,60206.1,4,7
2021-04-12 00:05:34.851000,60260.9,60206.3,4,7
2021-04-12 00:05:35.006000,60260.9,60206.8,4,7
2021-04-12 00:05:35.451000,60260.9,60206.3,4,7
2021-04-12 00:05:35.723000,60262.8,60212.8,4,7
2021-04-12 00:05:35.929000,60262.2,60212.2,4,7
2021-04-12 00:05:35.980000,60264.3,60214.3,4,7
2021-04-12 00:05:36.241000,60263.0,60213.0,4,7
2021-04-12 00:05:36.444000,60262.4,60212.4,4,7
2021-04-12 00:05:36.494000,60264.4,60214.4,4,7
2021-04-12 00:05:36.594000,60266.3,60214.4,4,7
2021-04-12 00:05:36.695000,60266.7,60214.4,4,7
2021-04-12 00:05:36.745000,60266.7,60214.8,4,7
2021-04-12 00:05:36.886000,60264.2,60214.2,4,7
2021-04-12 00:05:36.991000,60267.4,60215.3,4,7
2021-04-12 00:05:37.100000,60267.1,60215.3,4,7
2021-04-12 00:05:37.301000,60267.1,60214.7,4,7
2021-04-12 00:05:37.511000,60267.4,60214.7,4,7
2021-04-12 00:05:37.685000,60268.1,60214.9,4,7
2021-04-12 00:05:38.097000,60267.8,60214.7,4,7
2021-04-12 00:05:38.324000,60267.8,60214.3,4,7
2021-04-12 00:05:38.711000,60267.3,60214.3,4,7
2021-04-12 00:05:38.820000,60267.0,60214.3,4,7
2021-04-12 00:05:39.304000,60266.4,60214.3,4,7
2021-04-12 00:05:39.354000,60266.4,60212.9,4,7
2021-04-12 00:05:39.611000,60265.1,60212.9,4,7
2021-04-12 00:05:39.711000,60265.5,60212.9,4,7
2021-04-12 00:05:39.812000,60266.2,60212.9,4,7
2021-04-12 00:05:39.862000,60266.2,60213.3,4,7
2021-04-12 00:05:40.119000,60266.2,60213.8,4,7
2021-04-12 00:05:40.169000,60266.6,60213.8,4,7
2021-04-12 00:05:40.946000,60266.2,60213.8,4,7
2021-04-12 00:05:41.306000,60266.2,60212.6,4,7
2021-04-12 00:05:41.411000,60267.0,60212.6,4,7
2021-04-12 00:05:41.589000,60267.0,60212.8,4,7
2021-04-12 00:05:42.930000,60267.6,60212.8,4,7
2021-04-12 00:05:43.031000,60267.6,60213.3,4,7
2021-04-12 00:05:43.190000,60268.3,60213.3,4,7
2021-04-12 00:05:43.307000,60269.6,60213.5,4,7
2021-04-12 00:05:43.579000,60269.6,60216.8,4,7
2021-04-12 00:05:43.729000,60269.7,60216.8,4,7
2021-04-12 00:05:43.830000,60269.6,60217.3,4,7
2021-04-12 00:05:43.984000,60271.5,60217.3,4,7
2021-04-12 00:05:44.034000,60271.5,60217.8,4,7
2021-04-12 00:05:44.287000,60271.8,60221.8,4,7
2021-04-12 00:05:44.337000,60272.9,60221.8,4,7
2021-04-12 00:05:44.438000,60272.6,60221.8,4,7
2021-04-12 00:05:44.538000,60272.9,60221.8,4,7
2021-04-12 00:05:45.107000,60273.2,60221.8,4,7
2021-04-12 00:05:45.241000,60273.3,60221.8,4,7
2021-04-12 00:05:45.921000,60273.2,60221.8,4,7
2021-04-12 00:05:46.727000,60273.3,60221.3,4,7
2021-04-12 00:05:46.931000,60275.2,60221.3,4,7
2021-04-12 00:05:46.981000,60275.2,60221.8,4,7
2021-04-12 00:05:47.237000,60275.9,60221.8,4,7
2021-04-12 00:05:47.547000,60275.9,60221.3,4,7
2021-04-12 00:05:48.086000,60275.9,60218.3,4,7
2021-04-12 00:05:48.371000,60275.9,60219.5,4,7
2021-04-12 00:05:48.526000,60275.2,60219.5,4,7
2021-04-12 00:05:48.577000,60276.3,60219.5,4,7
2021-04-12 00:05:48.627000,60276.3,60220.0,4,7
2021-04-12 00:05:48.728000,60276.2,60220.0,4,7
2021-04-12 00:05:48.896000,60276.2,60220.2,4,7
2021-04-12 00:05:49.038000,60274.1,60220.2,4,7
2021-04-12 00:05:49.139000,60276.3,60220.2,4,7
2021-04-12 00:05:49.840000,60276.2,60220.2,4,7
2021-04-12 00:05:49.941000,60275.3,60220.2,4,7
2021-04-12 00:05:50.042000,60273.9,60220.2,4,7
2021-04-12 00:05:50.142000,60275.1,60220.5,4,7
2021-04-12 00:05:50.242000,60275.3,60220.5,4,7
2021-04-12 00:05:50.343000,60275.1,60220.5,4,7
2021-04-12 00:05:50.443000,60275.3,60220.5,4,7
2021-04-12 00:05:50.550000,60275.7,60220.5,4,7
2021-04-12 00:05:50.723000,60275.3,60220.5,4,7
2021-04-12 00:05:50.874000,60276.1,60220.5,4,7
2021-04-12 00:05:51.029000,60275.3,60220.5,4,7
2021-04-12 00:05:51.179000,60276.1,60220.5,4,7
2021-04-12 00:05:51.543000,60276.2,60220.5,4,7
2021-04-12 00:05:51.797000,60278.2,60220.5,4,7
2021-04-12 00:05:51.855000,60277.7,60220.5,4,7
2021-04-12 00:05:51.993000,60277.4,60220.5,4,7
2021-04-12 00:05:52.144000,60275.9,60220.5,4,7
2021-04-12 00:05:52.458000,60277.4,60220.5,4,7
2021-04-12 00:05:52.810000,60275.8,60220.5,4,7
2021-04-12 00:05:52.911000,60277.3,60220.5,4,7
2021-04-12 00:05:52.961000,60277.3,60223.5,4,7
2021-04-12 00:05:53.218000,60278.2,60223.5,4,7
2021-04-12 00:05:53.584000,60276.7,60223.5,4,7
2021-04-12 00:05:53.686000,60276.0,60223.5,4,7
2021-04-12 00:05:53.787000,60275.1,60223.5,4,7
2021-04-12 00:05:53.940000,60275.1,60220.5,4,7
2021-04-12 00:05:54.141000,60273.9,60220.5,4,7
2021-04-12 00:05:54.191000,60273.9,60220.0,4,7
2021-04-12 00:05:54.339000,60273.7,60220.0,4,7
2021-04-12 00:05:54.440000,60273.7,60219.5,4,7
2021-04-12 00:05:54.925000,60273.9,60219.5,4,7
2021-04-12 00:05:55.126000,60273.7,60219.5,4,7
2021-04-12 00:05:55.234000,60273.9,60219.5,4,7
2021-04-12 00:05:55.335000,60273.9,60216.5,4,7
2021-04-12 00:05:55.446000,60274.1,60216.5,4,7
2021-04-12 00:05:55.547000,60273.9,60216.5,4,7
2021-04-12 00:05:55.650000,60273.7,60216.6,4,7
2021-04-12 00:05:55.790000,60273.5,60216.6,4,7
2021-04-12 00:05:55.840000,60273.5,60216.0,4,7
2021-04-12 00:05:56.103000,60273.5,60216.5,4,7
2021-04-12 00:05:56.153000,60273.9,60216.5,4,7
2021-04-12 00:05:56.316000,60273.9,60215.5,4,7
2021-04-12 00:05:56.815000,60273.9,60215.0,4,7
2021-04-12 00:05:57.199000,60273.9,60214.5,4,7
2021-04-12 00:05:57.441000,60273.9,60216.0,4,7
2021-04-12 00:05:57.710000,60273.9,60216.6,4,7
2021-04-12 00:05:57.940000,60273.9,60217.2,4,7
2021-04-12 00:05:58.141000,60273.5,60217.2,4,7
2021-04-12 00:05:58.242000,60273.5,60219.5,4,7
2021-04-12 00:05:58.440000,60273.5,60220.2,4,7
2021-04-12 00:05:58.734000,60273.5,60220.5,4,7
2021-04-12 00:05:58.985000,60273.5,60221.0,4,7
2021-04-12 00:06:00.447000,60273.5,60218.5,4,7
2021-04-12 00:06:00.733000,60273.5,60219.6,4,7
2021-04-12 00:06:00.950000,60273.5,60219.0,4,7
2021-04-12 00:06:01.248000,60273.5,60219.5,4,7
2021-04-12 00:06:02.394000,60273.5,60217.2,4,7
2021-04-12 00:06:02.663000,60273.5,60215.5,4,7
2021-04-12 00:06:02.925000,60273.5,60212.2,4,7
2021-04-12 00:06:02.975000,60273.2,60212.2,4,7
2021-04-12 00:06:03.373000,60273.2,60211.7,4,7
2021-04-12 00:06:03.574000,60269.8,60211.7,4,7
2021-04-12 00:06:03.624000,60269.8,60211.5,4,7
2021-04-12 00:06:03.675000,60267.7,60211.5,4,7
2021-04-12 00:06:03.890000,60267.7,60211.0,4,7
2021-04-12 00:06:04.106000,60267.3,60211.0,4,7
2021-04-12 00:06:04.598000,60267.3,60211.5,4,7
2021-04-12 00:06:04.808000,60267.3,60215.0,4,7
2021-04-12 00:06:04.909000,60265.9,60215.0,4,7
2021-04-12 00:06:05.059000,60262.7,60210.7,4,7
2021-04-12 00:06:05.336000,60262.7,60207.7,4,7
2021-04-12 00:06:05.489000,60261.1,60207.7,4,7
2021-04-12 00:06:05.593000,60261.6,60206.2,4,7
2021-04-12 00:06:05.703000,60261.5,60206.2,4,7
2021-04-12 00:06:05.806000,60261.1,60206.2,4,7
2021-04-12 00:06:05.909000,60258.6,60206.1,4,7
2021-04-12 00:06:06.019000,60262.1,60206.1,4,7
2021-04-12 00:06:06.124000,60262.9,60205.6,4,7
2021-04-12 00:06:06.243000,60262.8,60205.6,4,7
2021-04-12 00:06:06.343000,60262.8,60207.8,4,7
2021-04-12 00:06:06.453000,60262.3,60207.8,4,7
2021-04-12 00:06:06.557000,60262.0,60207.2,4,7
2021-04-12 00:06:06.661000,60261.9,60207.2,4,7
2021-04-12 00:06:06.763000,60261.8,60207.2,4,7
2021-04-12 00:06:06.866000,60261.9,60207.3,4,7
2021-04-12 00:06:07.067000,60261.7,60207.0,4,7
2021-04-12 00:06:07.168000,60260.2,60207.0,4,7
2021-04-12 00:06:07.268000,60261.3,60207.0,4,7
2021-04-12 00:06:07.369000,60261.3,60206.3,4,7
2021-04-12 00:06:07.469000,60261.1,60206.3,4,7
2021-04-12 00:06:07.620000,60259.7,60206.2,4,7
2021-04-12 00:06:07.737000,60256.8,60206.2,4,7
2021-04-12 00:06:07.840000,60258.3,60204.2,4,7
2021-04-12 00:06:07.943000,60261.0,60204.2,4,7
2021-04-12 00:06:08.046000,60260.5,60204.2,4,7
2021-04-12 00:06:08.463000,60261.3,60204.2,4,7
2021-04-12 00:06:08.709000,60261.3,60203.3,4,7
2021-04-12 00:06:08.759000,60260.6,60203.3,4,7
2021-04-12 00:06:08.867000,60255.3,60203.3,4,7
2021-04-12 00:06:09.497000,60255.1,60203.3,4,7
2021-04-12 00:06:09.687000,60255.3,60203.3,4,7
2021-04-12 00:06:10.305000,60255.1,60203.3,4,7
2021-04-12 00:06:10.847000,60255.3,60203.3,4,7
2021-04-12 00:06:11.022000,60255.3,60203.0,4,7
2021-04-12 00:06:11.296000,60255.3,60202.8,4,7
2021-04-12 00:06:12.266000,60255.3,60203.3,4,7
2021-04-12 00:06:12.526000,60255.3,60203.8,4,7
2021-04-12 00:06:12.630000,60258.9,60203.8,4,7
2021-04-12 00:06:12.733000,60261.0,60203.4,4,7
2021-04-12 00:06:12.838000,60261.8,60203.4,4,7
2021-04-12 00:06:12.988000,60261.8,60204.2,4,7
2021-04-12 00:06:13.089000,60261.0,60204.2,4,7
2021-04-12 00:06:13.239000,60261.1,60204.2,4,7
2021-04-12 00:06:13.606000,60256.4,60204.2,4,7
2021-04-12 00:06:14.120000,60258.3,60204.2,4,7
2021-04-12 00:06:14.274000,60256.9,60204.2,4,7
2021-04-12 00:06:14.546000,60256.4,60204.2,4,7
2021-04-12 00:06:15.050000,60260.0,60204.2,4,7
2021-04-12 00:06:15.510000,60255.8,60204.2,4,7
2021-04-12 00:06:15.613000,60260.0,60204.2,4,7
2021-04-12 00:06:15.734000,60261.0,60204.2,4,7
2021-04-12 00:06:15.885000,60260.6,60204.2,4,7
2021-04-12 00:06:15.936000,60261.0,60204.2,4,7
2021-04-12 00:06:15.987000,60261.0,60204.7,4,7
2021-04-12 00:06:16.299000,60261.0,60206.0,4,7
2021-04-12 00:06:16.539000,60260.6,60206.0,4,7
2021-04-12 00:06:16.589000,60260.6,60204.2,4,7
2021-04-12 00:06:16.791000,60258.9,60204.2,4,7
2021-04-12 00:06:16.966000,60255.3,60204.2,4,7
2021-04-12 00:06:17.208000,60258.9,60204.2,4,7
2021-04-12 00:06:17.308000,60255.3,60204.2,4,7
2021-04-12 00:06:17.409000,60255.2,60204.2,4,7
2021-04-12 00:06:17.559000,60251.8,60199.4,4,7
2021-04-12 00:06:17.609000,60250.3,60199.4,4,7
2021-04-12 00:06:17.710000,60241.6,60191.6,4,7
2021-04-12 00:06:17.811000,60241.6,60178.1,4,7
2021-04-12 00:06:17.911000,60238.8,60178.1,4,7
2021-04-12 00:06:18.015000,60239.2,60178.1,4,7
2021-04-12 00:06:18.127000,60239.2,60176.6,4,7
2021-04-12 00:06:18.177000,60238.0,60176.6,4,7
2021-04-12 00:06:18.286000,60235.3,60176.6,4,7
2021-04-12 00:06:18.336000,60235.3,60175.2,4,7
2021-04-12 00:06:18.387000,60239.5,60175.2,4,7
2021-04-12 00:06:18.489000,60237.8,60175.2,4,7
2021-04-12 00:06:18.592000,60233.3,60175.2,4,7
2021-04-12 00:06:18.693000,60229.7,60175.2,4,7
2021-04-12 00:06:18.793000,60229.3,60173.2,4,7
2021-04-12 00:06:18.894000,60230.8,60173.2,4,7
2021-04-12 00:06:18.994000,60228.2,60173.2,4,7
2021-04-12 00:06:19.044000,60228.2,60167.7,4,7
2021-04-12 00:06:19.145000,60223.9,60167.7,12,7
2021-04-12 00:06:19.288000,60223.9,60164.7,12,7
2021-04-12 00:06:19.634000,60220.2,60164.7,12,7
2021-04-12 00:06:19.836000,60220.2,60160.7,12,7
2021-04-12 00:06:19.990000,60204.9,60160.7,4,7
2021-04-12 00:06:20.040000,60204.9,60157.7,4,7
2021-04-12 00:06:20.091000,60204.0,60157.7,4,7
2021-04-12 00:06:20.289000,60204.2,60154.2,4,7
2021-04-12 00:06:20.407000,60204.5,60154.5,4,7
2021-04-12 00:06:20.516000,60203.0,60153.0,4,7
2021-04-12 00:06:20.616000,60201.9,60150.2,4,7
2021-04-12 00:06:20.717000,60197.9,60147.9,4,7
2021-04-12 00:06:20.826000,60197.9,60139.4,4,7
2021-04-12 00:06:20.928000,60194.3,60139.4,4,7
2021-04-12 00:06:21.031000,60203.0,60139.4,4,7
2021-04-12 00:06:21.082000,60203.0,60134.5,4,7
2021-04-12 00:06:21.325000,60203.0,60123.3,18,7
2021-04-12 00:06:21.477000,60198.6,60123.3,4,7
2021-04-12 00:06:21.593000,60198.6,60119.4,4,7
2021-04-12 00:06:21.743000,60198.5,60119.4,4,7
2021-04-12 00:06:21.844000,60198.5,60119.0,4,7
2021-04-12 00:06:21.894000,60197.0,60119.0,4,7
2021-04-12 00:06:21.995000,60196.8,60119.0,4,7
2021-04-12 00:06:22.096000,60196.9,60119.0,4,7
2021-04-12 00:06:22.199000,60167.9,60119.0,4,7
2021-04-12 00:06:22.308000,60167.9,60118.8,4,7
2021-04-12 00:06:22.408000,60166.2,60118.8,4,7
2021-04-12 00:06:22.559000,60166.2,60114.8,4,7
2021-04-12 00:06:22.720000,60167.9,60114.8,4,7
2021-04-12 00:06:22.828000,60164.7,60114.8,4,7
2021-04-12 00:06:22.992000,60164.2,60114.8,4,7
2021-04-12 00:06:23.196000,60164.5,60114.8,4,7
2021-04-12 00:06:23.297000,60164.6,60114.8,4,7
2021-04-12 00:06:23.397000,60162.7,60114.8,4,7
2021-04-12 00:06:23.837000,60160.3,60110.3,4,7
2021-04-12 00:06:23.938000,60162.7,60112.7,4,7
2021-04-12 00:06:24.039000,60162.7,60106.2,4,7
2021-04-12 00:06:24.139000,60161.4,60106.2,1,7
2021-04-12 00:06:24.286000,60161.4,60106.9,1,7
2021-04-12 00:06:24.497000,60149.9,60099.9,4,7
2021-04-12 00:06:24.548000,60154.0,60104.0,4,7
2021-04-12 00:06:24.648000,60152.5,60102.5,4,7
2021-04-12 00:06:24.699000,60148.4,60098.4,4,7
2021-04-12 00:06:24.799000,60149.0,60099.0,4,7
2021-04-12 00:06:24.904000,60147.5,60097.5,4,7
2021-04-12 00:06:25.008000,60143.7,60093.7,4,7
2021-04-12 00:06:25.158000,60141.1,60091.1,4,7
2021-04-12 00:06:25.259000,60140.3,60090.3,4,7
2021-04-12 00:06:25.465000,60152.5,60102.5,4,7
2021-04-12 00:06:25.566000,60148.8,60098.8,4,7
2021-04-12 00:06:25.986000,60155.6,60104.0,4,7
2021-04-12 00:06:26.086000,60152.5,60102.5,4,7
2021-04-12 00:06:26.204000,60155.6,60104.0,4,7
2021-04-12 00:06:26.434000,60155.7,60104.1,4,7
2021-04-12 00:06:26.535000,60155.6,60104.1,4,7
2021-04-12 00:06:26.635000,60152.5,60102.5,4,7
2021-04-12 00:06:26.836000,60155.8,60105.8,4,7
2021-04-12 00:06:26.938000,60144.2,60094.2,4,7
2021-04-12 00:06:27.038000,60154.8,60104.8,4,7
2021-04-12 00:06:27.089000,60156.9,60106.9,4,7
2021-04-12 00:06:27.235000,60145.7,60095.7,4,7
2021-04-12 00:06:27.373000,60156.9,60106.9,4,7
2021-04-12 00:06:27.479000,60144.2,60094.2,4,7
2021-04-12 00:06:27.534000,60144.9,60094.9,4,7
2021-04-12 00:06:27.748000,60154.9,60104.9,4,7
2021-04-12 00:06:27.885000,60144.2,60094.2,4,7
2021-04-12 00:06:27.986000,60144.1,60094.1,4,7
2021-04-12 00:06:28.582000,60143.6,60093.6,4,7
2021-04-12 00:06:28.910000,60144.1,60094.1,4,7
2021-04-12 00:06:29.068000,60144.2,60094.2,4,7
2021-04-12 00:06:29.134000,60155.0,60105.0,4,7
2021-04-12 00:06:29.234000,60168.1,60118.1,7,7
2021-04-12 00:06:29.492000,60167.5,60117.5,7,7
2021-04-12 00:06:29.733000,60168.0,60118.0,14,7
2021-04-12 00:06:29.784000,60155.6,60105.6,4,7
2021-04-12 00:06:29.888000,60155.0,60105.0,4,7
2021-04-12 00:06:29.989000,60155.6,60105.6,4,7
2021-04-12 00:06:30.089000,60157.7,60118.0,10,7
2021-04-12 00:06:30.452000,60157.7,60119.3,10,7
2021-04-12 00:06:30.709000,60174.8,60124.8,14,7
2021-04-12 00:06:31.135000,60161.2,60111.2,4,7
2021-04-12 00:06:31.235000,60178.3,60128.3,8,7
2021-04-12 00:06:31.632000,60170.9,60128.3,10,7
2021-04-12 00:06:32.095000,60170.8,60128.3,4,7
2021-04-12 00:06:32.227000,60170.8,60127.3,4,7
2021-04-12 00:06:32.486000,60175.3,60125.3,10,7
2021-04-12 00:06:32.895000,60169.9,60119.9,4,7
2021-04-12 00:06:33.048000,60172.0,60122.0,4,7
2021-04-12 00:06:33.306000,60172.6,60122.6,4,7
2021-04-12 00:06:33.356000,60170.8,60120.8,4,7
2021-04-12 00:06:33.545000,60172.9,60122.9,4,7
2021-04-12 00:06:33.595000,60171.0,60121.0,4,7
2021-04-12 00:06:33.696000,60170.6,60120.6,4,7
2021-04-12 00:06:33.846000,60171.3,60121.3,4,7
2021-04-12 00:06:34.042000,60169.5,60119.5,4,7
2021-04-12 00:06:34.142000,60163.8,60113.8,8,7
2021-04-12 00:06:34.268000,60163.3,60113.3,4,7
2021-04-12 00:06:34.318000,60163.3,60108.1,4,7
2021-04-12 00:06:34.537000,60163.3,60107.6,4,7
2021-04-12 00:06:34.588000,60160.5,60107.6,4,7
2021-04-12 00:06:34.741000,60157.7,60107.6,11,7
2021-04-12 00:06:34.791000,60157.7,60105.3,11,7
2021-04-12 00:06:35.135000,60158.4,60105.3,6,7
2021-04-12 00:06:35.818000,60146.2,60096.2,4,7
2021-04-12 00:06:36.099000,60146.1,60096.1,4,7
2021-04-12 00:06:36.403000,60146.2,60096.2,4,7
2021-04-12 00:06:36.504000,60154.8,60104.8,4,7
2021-04-12 00:06:36.554000,60138.8,60088.8,4,7
2021-04-12 00:06:36.662000,60138.7,60088.7,4,7
2021-04-12 00:06:36.719000,60150.8,60100.8,4,7
2021-04-12 00:06:36.770000,60138.2,60088.2,4,7
2021-04-12 00:06:36.896000,60137.5,60087.5,4,7
2021-04-12 00:06:37.100000,60137.3,60087.3,4,7
2021-04-12 00:06:37.527000,60137.5,60087.5,4,7
2021-04-12 00:06:37.794000,60137.3,60087.3,4,7
2021-04-12 00:06:37.944000,60134.7,60084.7,4,7
2021-04-12 00:06:37.995000,60150.4,60100.4,9,7
2021-04-12 00:06:38.098000,60131.9,60081.9,4,7
2021-04-12 00:06:38.249000,60131.9,60071.1,4,7
2021-04-12 00:06:38.299000,60126.9,60071.1,4,7
2021-04-12 00:06:38.500000,60126.9,60071.0,4,7
2021-04-12 00:06:38.601000,60122.2,60071.0,4,7
2021-04-12 00:06:38.714000,60122.9,60071.0,4,7
2021-04-12 00:06:38.842000,60122.9,60064.4,4,7
2021-04-12 00:06:38.893000,60122.2,60064.4,4,7
2021-04-12 00:06:39.044000,60123.0,60064.4,4,7
2021-04-12 00:06:39.195000,60122.9,60064.4,4,7
2021-04-12 00:06:39.245000,60115.0,60064.4,4,7
2021-04-12 00:06:39.345000,60122.9,60064.4,4,7
2021-04-12 00:06:39.446000,60115.0,60064.4,4,7
2021-04-12 00:06:39.708000,60115.4,60064.4,4,7
2021-04-12 00:06:39.809000,60115.0,60063.0,4,7
2021-04-12 00:06:39.909000,60113.3,60063.0,4,7
2021-04-12 00:06:40.012000,60112.3,60062.3,4,7
2021-04-12 00:06:40.112000,60112.5,60062.5,4,7
2021-04-12 00:06:40.163000,60110.5,60060.5,12,7
2021-04-12 00:06:40.313000,60106.8,60056.8,4,7
2021-04-12 00:06:40.364000,60110.3,60060.3,4,7
2021-04-12 00:06:40.514000,60099.0,60049.0,4,7
2021-04-12 00:06:40.615000,60099.0,60047.9,4,7
2021-04-12 00:06:40.826000,60099.0,60042.1,4,7
2021-04-12 00:06:41.095000,60099.0,60038.7,4,7
2021-04-12 00:06:41.197000,60093.6,60038.7,4,7
2021-04-12 00:06:41.347000,60092.7,60025.7,4,7
2021-04-12 00:06:41.398000,60091.7,60025.7,4,7
2021-04-12 00:06:41.605000,60090.8,60021.9,4,7
2021-04-12 00:06:41.655000,60084.5,60021.9,12,7
2021-04-12 00:06:41.808000,60081.1,60021.9,4,7
2021-04-12 00:06:41.858000,60081.1,60015.0,4,7
2021-04-12 00:06:42.009000,60075.3,60015.0,4,7
2021-04-12 00:06:42.109000,60075.3,60011.4,4,7
2021-04-12 00:06:42.325000,60075.3,60009.1,4,7
2021-04-12 00:06:42.693000,60069.9,60009.1,4,7
2021-04-12 00:06:42.803000,60060.5,60009.1,4,7
2021-04-12 00:06:43.696000,60060.5,60008.9,4,7
2021-04-12 00:06:43.823000,60056.8,60006.8,4,7
2021-04-12 00:06:43.924000,60056.8,60006.8,4,7
2021-04-12 00:06:44.071000,60056.9,60006.9,4,7
2021-04-12 00:06:44.172000,60057.1,60007.1,4,7
2021-04-12 00:06:44.337000,60055.9,60005.9,4,7
2021-04-12 00:06:44.442000,60056.8,60006.8,4,7
2021-04-12 00:06:44.543000,60055.9,60005.9,4,7
2021-04-12 00:06:44.668000,60054.8,60004.8,4,7
2021-04-12 00:06:44.916000,60054.0,60004.0,4,7
2021-04-12 00:06:45.052000,60048.5,59998.5,4,7
2021-04-12 00:06:45.154000,60056.4,60006.4,4,7
2021-04-12 00:06:45.254000,60045.8,59995.8,4,7
2021-04-12 00:06:45.403000,60053.8,60003.8,4,7
2021-04-12 00:06:45.454000,60046.1,59996.1,4,7
2021-04-12 00:06:45.840000,60045.8,59995.8,4,7
2021-04-12 00:06:45.941000,60052.8,60002.8,4,7
2021-04-12 00:06:46.196000,60048.5,59998.5,4,7
2021-04-12 00:06:46.299000,60044.5,59994.5,4,7
2021-04-12 00:06:46.432000,60044.5,59993.7,4,7
2021-04-12 00:06:46.483000,60045.0,59993.7,4,7
2021-04-12 00:06:46.707000,60045.0,59992.1,4,7
2021-04-12 00:06:46.947000,60045.0,59995.0,4,7
2021-04-12 00:06:47.232000,60045.2,59995.2,4,7
2021-04-12 00:06:47.333000,60029.5,59979.5,4,7
2021-04-12 00:06:47.434000,60039.3,59989.3,4,7
2021-04-12 00:06:47.698000,60038.8,59988.8,4,7
2021-04-12 00:06:48.236000,60024.9,59974.9,4,7
2021-04-12 00:06:48.286000,60038.1,59988.1,12,7
2021-04-12 00:06:48.495000,60025.1,59975.1,4,7
2021-04-12 00:06:48.595000,60029.5,59979.5,4,7
2021-04-12 00:06:48.926000,60029.8,59979.8,4,7
2021-04-12 00:06:49.027000,60039.3,59989.3,15,7
2021-04-12 00:06:49.127000,60033.5,59983.5,4,7
2021-04-12 00:06:49.228000,60034.2,59984.2,9,7
2021-04-12 00:06:49.278000,60048.5,59998.5,13,7
2021-04-12 00:06:49.641000,60035.3,59985.3,8,7
2021-04-12 00:06:49.916000,60050.6,60000.6,8,7
2021-04-12 00:06:50.131000,60048.5,59998.5,8,7
2021-04-12 00:06:50.238000,60049.8,59998.5,10,7
2021-04-12 00:06:50.652000,60049.8,60000.2,10,7
2021-04-12 00:06:50.906000,60049.8,60000.1,10,7
2021-04-12 00:06:51.387000,60050.4,60000.4,10,7
2021-04-12 00:06:51.667000,60054.4,60004.4,10,7
2021-04-12 00:06:51.877000,60055.2,60005.2,10,7
2021-04-12 00:06:52.132000,60056.7,60006.7,10,7
2021-04-12 00:06:52.338000,60040.6,59990.6,4,7
2021-04-12 00:06:52.489000,60040.7,59990.7,4,7
2021-04-12 00:06:52.639000,60063.5,60013.5,12,7
2021-04-12 00:06:52.690000,60043.1,59993.1,4,7
2021-04-12 00:06:52.790000,60044.8,59994.8,4,7
2021-04-12 00:06:52.891000,60045.1,59995.1,4,7
2021-04-12 00:06:52.941000,60063.5,60013.5,12,7
2021-04-12 00:06:53.089000,60055.9,60005.9,4,7
2021-04-12 00:06:53.190000,60075.5,60025.5,17,7
2021-04-12 00:06:53.306000,60056.2,60006.2,4,7
2021-04-12 00:06:53.408000,60056.3,60006.3,4,7
2021-04-12 00:06:53.511000,60056.3,60006.3,4,7
2021-04-12 00:06:53.612000,60057.4,60007.4,4,7
2021-04-12 00:06:53.713000,60075.5,60025.5,7,7
2021-04-12 00:06:53.763000,60058.0,60008.0,4,7
2021-04-12 00:06:53.863000,60058.8,60008.8,4,7
2021-04-12 00:06:53.940000,60073.2,60023.2,7,7
2021-04-12 00:06:54.097000,60057.7,60007.7,4,7
2021-04-12 00:06:54.251000,60057.8,60007.8,4,7
2021-04-12 00:06:54.371000,60057.7,60007.7,4,7
2021-04-12 00:06:54.528000,60057.8,60007.8,4,7
2021-04-12 00:06:54.635000,60057.6,60007.6,3,7
2021-04-12 00:06:54.839000,60074.0,60024.0,7,7
2021-04-12 00:06:55.093000,60073.5,60023.5,7,7
2021-04-12 00:06:55.406000,60076.9,60026.9,7,7
2021-04-12 00:06:55.705000,60057.7,60007.7,4,7
2021-04-12 00:06:55.907000,60073.7,60023.7,7,7
2021-04-12 00:06:56.009000,60056.1,60006.1,4,7
2021-04-12 00:06:56.110000,60056.0,60006.0,4,7
2021-04-12 00:06:56.215000,60073.3,60023.3,7,7
2021-04-12 00:06:56.316000,60054.3,60004.3,4,7
2021-04-12 00:06:56.468000,60057.6,60007.6,3,7
2021-04-12 00:06:56.525000,60057.6,60007.6,3,7
2021-04-12 00:06:56.631000,60058.5,60008.5,4,7
2021-04-12 00:06:56.731000,60073.7,60023.7,13,7
2021-04-12 00:06:56.883000,60056.3,60006.3,4,7
2021-04-12 00:06:57.192000,60057.8,60007.8,4,7
2021-04-12 00:06:57.546000,60054.5,60004.5,4,7
2021-04-12 00:06:57.657000,60055.3,60005.3,4,7
2021-04-12 00:06:57.807000,60057.8,60007.8,4,7
2021-04-12 00:06:58.117000,60058.5,60008.5,4,7
2021-04-12 00:06:58.219000,60057.8,60007.8,4,7
2021-04-12 00:06:58.628000,60057.7,60007.7,4,7
2021-04-12 00:06:58.730000,60057.6,60007.6,4,7
2021-04-12 00:06:58.832000,60058.4,60008.4,4,7
2021-04-12 00:06:58.934000,60058.7,60008.7,4,7
2021-04-12 00:06:59.036000,60060.2,60010.2,4,7
2021-04-12 00:06:59.087000,60076.7,60026.7,13,7
2021-04-12 00:06:59.240000,60060.5,60010.5,4,7
2021-04-12 00:06:59.342000,60062.0,60012.0,4,7
2021-04-12 00:06:59.561000,60083.3,60033.3,13,7
2021-04-12 00:06:59.812000,60085.3,60035.3,13,7
2021-04-12 00:07:00.094000,60062.5,60012.5,4,7
2021-04-12 00:07:00.195000,60063.7,60013.7,4,7
2021-04-12 00:07:00.305000,60066.0,60016.0,4,7
2021-04-12 00:07:00.355000,60072.2,60022.2,10,7
2021-04-12 00:07:00.598000,60098.3,60048.3,14,7
2021-04-12 00:07:00.648000,60066.9,60016.9,4,7
2021-04-12 00:07:00.812000,60104.0,60054.0,16,7
2021-04-12 00:07:00.862000,60080.1,60054.0,13,7
2021-04-12 00:07:01.090000,60080.1,60053.5,13,7
2021-04-12 00:07:01.341000,60080.1,60053.0,13,7
2021-04-12 00:07:01.606000,60098.0,60048.0,16,7
2021-04-12 00:07:01.857000,60097.0,60047.0,16,7
2021-04-12 00:07:02.548000,60100.0,60050.0,16,7
2021-04-12 00:07:02.801000,60100.5,60050.5,16,7
2021-04-12 00:07:03.052000,60093.1,60043.1,16,7
2021-04-12 00:07:03.152000,60069.3,60019.3,4,7
2021-04-12 00:07:03.253000,60066.7,60016.7,4,7
2021-04-12 00:07:03.303000,60080.1,60030.1,13,7
2021-04-12 00:07:03.353000,60064.2,60014.2,4,7
2021-04-12 00:07:03.455000,60061.1,60011.1,4,7
2021-04-12 00:07:03.559000,60061.1,60029.3,4,7
2021-04-12 00:07:03.661000,60063.1,60029.3,4,7
2021-04-12 00:07:03.906000,60063.6,60029.3,4,7
2021-04-12 00:07:04.170000,60063.1,60029.3,4,7
2021-04-12 00:07:04.375000,60059.3,60009.3,4,7
2021-04-12 00:07:04.476000,60057.1,60007.1,4,7
2021-04-12 00:07:04.629000,60077.8,60027.8,4,7
2021-04-12 00:07:04.730000,60056.7,60006.7,4,7
2021-04-12 00:07:04.831000,60050.8,60000.8,4,7
2021-04-12 00:07:04.881000,60073.8,60023.8,4,7
2021-04-12 00:07:04.931000,60045.6,59995.6,4,7
2021-04-12 00:07:05.032000,60041.5,59991.5,4,7
2021-04-12 00:07:05.182000,60032.9,60017.2,4,7
2021-04-12 00:07:05.312000,60030.9,60017.2,4,7
2021-04-12 00:07:05.362000,60063.7,60013.7,4,7
2021-04-12 00:07:05.422000,60030.3,59980.3,4,7
2021-04-12 00:07:05.613000,60061.2,60011.2,4,7
2021-04-12 00:07:05.717000,60034.2,59984.2,4,7
2021-04-12 00:07:05.818000,60032.8,59982.8,4,7
2021-04-12 00:07:05.868000,60056.9,60006.9,4,7
2021-04-12 00:07:05.969000,60034.2,59984.2,4,7
2021-04-12 00:07:06.119000,60052.6,60002.6,4,7
2021-04-12 00:07:06.379000,60032.8,59982.8,4,7
2021-04-12 00:07:06.786000,60061.5,60011.5,4,7
2021-04-12 00:07:06.888000,60034.7,59984.7,4,7
2021-04-12 00:07:06.991000,60034.5,59984.5,4,7
2021-04-12 00:07:07.091000,60047.2,59997.2,4,7
2021-04-12 00:07:07.197000,60035.1,59985.1,4,7
2021-04-12 00:07:07.300000,60035.1,59985.1,4,7
2021-04-12 00:07:07.459000,60035.2,59985.2,4,7
2021-04-12 00:07:07.611000,60047.4,59997.4,4,7
2021-04-12 00:07:07.762000,60035.3,59985.3,4,7
2021-04-12 00:07:07.812000,60064.4,60014.4,4,7
2021-04-12 00:07:07.925000,60048.6,60014.4,4,7
2021-04-12 00:07:08.077000,60048.4,60015.0,4,7
2021-04-12 00:07:08.178000,60049.4,60015.0,4,7
2021-04-12 00:07:08.278000,60047.7,60015.0,4,7
2021-04-12 00:07:08.329000,60047.7,60011.3,4,7
2021-04-12 00:07:08.446000,60050.0,60011.3,4,7
2021-04-12 00:07:08.546000,60050.0,60010.4,4,7
2021-04-12 00:07:08.597000,60047.7,60010.4,4,7
2021-04-12 00:07:08.697000,60050.2,60010.4,4,7
2021-04-12 00:07:08.826000,60050.1,60011.3,4,7
2021-04-12 00:07:08.935000,60045.7,59995.7,4,7
2021-04-12 00:07:09.036000,60045.6,59995.6,4,7
2021-04-12 00:07:09.086000,60060.4,60010.4,4,7
2021-04-12 00:07:09.137000,60034.5,59984.5,4,7
2021-04-12 00:07:09.261000,60033.3,59983.3,4,7
2021-04-12 00:07:09.446000,60031.4,59981.4,4,7
2021-04-12 00:07:09.807000,60033.3,59983.3,4,7
2021-04-12 00:07:09.911000,60034.7,59984.7,4,7
2021-04-12 00:07:10.013000,60031.4,59981.4,4,7
2021-04-12 00:07:10.118000,60034.6,59984.6,4,7
2021-04-12 00:07:10.219000,60059.7,60009.7,4,7
2021-04-12 00:07:10.319000,60048.8,60009.7,4,7
2021-04-12 00:07:10.420000,60048.7,60009.7,4,7
2021-04-12 00:07:10.470000,60048.7,60010.3,4,7
2021-04-12 00:07:10.571000,60048.8,60010.3,4,7
2021-04-12 00:07:10.721000,60048.9,60010.5,4,7
2021-04-12 00:07:10.822000,60049.4,60010.5,4,7
2021-04-12 00:07:10.922000,60051.3,60010.5,4,7
2021-04-12 00:07:10.972000,60051.3,60012.4,4,7
2021-04-12 00:07:11.073000,60049.5,60012.4,4,7
2021-04-12 00:07:11.123000,60049.9,60012.4,4,7
2021-04-12 00:07:11.224000,60052.1,60015.8,4,7
2021-04-12 00:07:11.375000,60050.8,60000.8,4,7
2021-04-12 00:07:11.426000,60052.1,60002.1,4,7
2021-04-12 00:07:11.477000,60064.3,60014.3,7,7
2021-04-12 00:07:11.579000,60050.5,60000.5,4,7
2021-04-12 00:07:11.679000,60050.8,60000.8,4,7
2021-04-12 00:07:11.730000,60067.5,60017.5,11,7
2021-04-12 00:07:11.840000,60051.5,60001.5,4,7
2021-04-12 00:07:11.990000,60064.3,60014.3,7,7
2021-04-12 00:07:12.047000,60052.3,60002.3,4,7
2021-04-12 00:07:12.197000,60053.3,60003.3,4,7
2021-04-12 00:07:12.298000,60052.8,60002.8,4,7
2021-04-12 00:07:12.717000,60055.2,60005.2,4,7
2021-04-12 00:07:12.817000,60069.7,60019.7,9,7
2021-04-12 00:07:12.867000,60057.2,60007.2,4,7
2021-04-12 00:07:12.979000,60057.3,60007.3,4,7
2021-04-12 00:07:13.114000,60065.5,60015.5,9,7
2021-04-12 00:07:13.165000,60057.7,60007.7,4,7
2021-04-12 00:07:13.336000,60070.6,60020.6,4,7
2021-04-12 00:07:13.386000,60058.6,60008.6,4,7
2021-04-12 00:07:13.494000,60059.1,60009.1,4,7
2021-04-12 00:07:13.644000,60058.8,60008.8,4,7
2021-04-12 00:07:13.745000,60058.5,60008.5,4,7
2021-04-12 00:07:13.846000,60069.1,60019.1,4,7
2021-04-12 00:07:13.947000,60057.9,60007.9,4,7
2021-04-12 00:07:14.109000,60064.0,60014.0,4,7
2021-04-12 00:07:14.337000,60063.5,60013.5,4,7
2021-04-12 00:07:14.503000,60058.1,60008.1,4,7
2021-04-12 00:07:14.704000,60063.2,60013.2,4,7
2021-04-12 00:07:14.755000,60057.7,60007.7,4,7
2021-04-12 00:07:16.521000,60059.8,60009.8,4,7
2021-04-12 00:07:16.571000,60055.0,60005.0,4,7
2021-04-12 00:07:16.984000,60051.5,60001.5,4,7
2021-04-12 00:07:17.084000,60055.0,60005.0,4,7
2021-04-12 00:07:17.185000,60047.7,59997.7,4,7
2021-04-12 00:07:17.286000,60047.6,59997.6,4,7
2021-04-12 00:07:17.391000,60047.5,59997.5,4,7
2021-04-12 00:07:17.493000,60047.6,59997.6,4,7
2021-04-12 00:07:17.819000,60052.6,60002.6,4,7
2021-04-12 00:07:17.919000,60044.7,59994.7,4,7
2021-04-12 00:07:18.020000,60047.6,59997.6,4,7
2021-04-12 00:07:18.070000,60053.8,60003.8,4,7
2021-04-12 00:07:18.718000,60040.3,59990.3,4,7
2021-04-12 00:07:18.825000,60044.0,59994.0,4,7
2021-04-12 00:07:18.926000,60032.5,59982.5,4,7
2021-04-12 00:07:19.026000,60034.3,59984.3,4,7
2021-04-12 00:07:19.176000,60044.1,59994.1,4,7
2021-04-12 00:07:19.328000,60036.6,59986.6,4,7
2021-04-12 00:07:19.430000,60033.5,59983.5,4,7
2021-04-12 00:07:19.582000,60040.5,59990.5,4,7
2021-04-12 00:07:19.685000,60034.2,59984.2,4,7
2021-04-12 00:07:19.837000,60041.5,59991.5,4,7
2021-04-12 00:07:19.940000,60033.2,59983.2,4,7
2021-04-12 00:07:20.048000,60033.7,59983.7,4,7
2021-04-12 00:07:20.098000,60042.9,59992.9,4,7
2021-04-12 00:07:20.199000,60033.2,59983.2,4,7
2021-04-12 00:07:20.305000,60032.6,59982.6,4,7
2021-04-12 00:07:20.406000,60033.7,59983.7,4,7
2021-04-12 00:07:20.556000,60031.7,59981.7,4,7
2021-04-12 00:07:20.657000,60031.6,59981.6,4,7
2021-04-12 00:07:20.710000,60033.7,59983.7,4,7
2021-04-12 00:07:20.812000,60036.7,59986.7,4,7
2021-04-12 00:07:20.863000,60041.5,59991.5,2,7
2021-04-12 00:07:20.915000,60040.3,59990.3,4,7
2021-04-12 00:07:21.121000,60053.8,60003.8,6,7
2021-04-12 00:07:22.309000,60037.1,59987.1,4,7
2021-04-12 00:07:22.561000,60035.2,59985.2,4,7
2021-04-12 00:07:22.713000,60051.9,60001.9,4,7
2021-04-12 00:07:22.814000,60027.3,59977.3,4,7
2021-04-12 00:07:22.965000,60046.6,59996.6,4,7
2021-04-12 00:07:23.125000,60025.6,59975.6,4,7
2021-04-12 00:07:23.226000,60044.9,59994.9,4,7
2021-04-12 00:07:23.333000,60021.9,59971.9,4,7
2021-04-12 00:07:23.437000,60020.7,59970.7,4,7
2021-04-12 00:07:23.487000,60041.7,59991.7,4,7
2021-04-12 00:07:23.538000,60019.8,59969.8,4,7
2021-04-12 00:07:23.645000,60016.6,59966.6,4,7
2021-04-12 00:07:23.705000,60039.9,59989.9,16,7
2021-04-12 00:07:23.824000,60018.3,59968.3,4,7
2021-04-12 00:07:23.942000,60020.4,59970.4,4,7
2021-04-12 00:07:23.993000,60017.3,59967.3,4,7
2021-04-12 00:07:24.096000,60016.7,59966.7,4,7
2021-04-12 00:07:24.200000,60008.2,59958.2,4,7
2021-04-12 00:07:24.250000,60035.0,59985.0,4,7
2021-04-12 00:07:24.354000,60010.9,59960.9,4,7
2021-04-12 00:07:24.405000,60009.0,59959.0,4,7
2021-04-12 00:07:24.558000,60015.5,59965.5,4,7
2021-04-12 00:07:24.659000,60006.0,59956.0,4,7
2021-04-12 00:07:24.785000,60009.0,59959.0,4,7
2021-04-12 00:07:24.885000,60009.8,59959.8,4,7
2021-04-12 00:07:25.118000,60034.0,59984.0,6,7
2021-04-12 00:07:25.218000,60005.6,59955.6,4,7
2021-04-12 00:07:25.398000,60031.8,59981.8,4,7
2021-04-12 00:07:25.552000,60008.7,59958.7,4,7
2021-04-12 00:07:25.652000,60005.1,59955.1,4,7
2021-04-12 00:07:25.730000,60005.6,59955.6,4,7
2021-04-12 00:07:26.232000,60031.9,59981.9,15,7
2021-04-12 00:07:26.332000,60009.1,59959.1,4,7
2021-04-12 00:07:26.591000,60006.0,59956.0,4,7
2021-04-12 00:07:26.844000,60015.9,59965.9,7,7
2021-04-12 00:07:26.904000,60014.2,59964.2,4,7
2021-04-12 00:07:27.192000,60014.3,59964.3,4,7
2021-04-12 00:07:27.554000,60040.5,59990.5,11,7
2021-04-12 00:07:27.789000,60041.2,59991.2,11,7
2021-04-12 00:07:27.940000,60019.6,59969.6,4,7
2021-04-12 00:07:28.040000,60043.6,59993.6,11,7
2021-04-12 00:07:28.091000,60021.1,59971.1,4,7
2021-04-12 00:07:28.191000,60019.6,59969.6,4,7
2021-04-12 00:07:28.298000,60021.1,59971.1,4,7
2021-04-12 00:07:28.399000,60019.6,59969.6,4,7
2021-04-12 00:07:28.499000,60021.2,59971.2,4,7
2021-04-12 00:07:28.607000,60021.1,59971.1,4,7
2021-04-12 00:07:28.710000,60019.6,59969.6,4,7
2021-04-12 00:07:28.813000,60015.1,59965.1,4,7
2021-04-12 00:07:28.918000,60043.3,59993.3,11,7
2021-04-12 00:07:29.187000,60030.3,59980.3,7,7
2021-04-12 00:07:29.429000,60043.6,59993.6,11,7
2021-04-12 00:07:29.636000,60015.4,59965.4,4,7
2021-04-12 00:07:29.943000,60019.6,59969.6,4,7
2021-04-12 00:07:30.312000,60044.9,59994.9,12,7
2021-04-12 00:07:30.362000,60021.2,59971.2,4,7
2021-04-12 00:07:30.462000,60021.5,59971.5,4,7
2021-04-12 00:07:30.590000,60046.5,59996.5,12,7
2021-04-12 00:07:30.640000,60022.0,59972.0,4,7
2021-04-12 00:07:31.464000,60021.6,59971.6,4,7
2021-04-12 00:07:31.794000,60053.8,60003.8,12,7
2021-04-12 00:07:31.923000,60024.6,59974.6,4,7
2021-04-12 00:07:32.233000,60032.2,59982.2,4,7
2021-04-12 00:07:32.392000,60040.3,60003.8,4,7
2021-04-12 00:07:33.444000,60043.1,60008.7,4,7
2021-04-12 00:07:33.591000,60046.5,60008.7,4,7
2021-04-12 00:07:33.641000,60045.7,60008.7,5,7
2021-04-12 00:07:33.692000,60045.7,60007.2,5,7
2021-04-12 00:07:34.142000,60046.5,59996.5,4,7
2021-04-12 00:07:34.600000,60059.9,60009.9,12,7
2021-04-12 00:07:34.651000,60047.0,59997.0,4,7
2021-04-12 00:07:34.815000,60047.5,59997.5,4,7
2021-04-12 00:07:34.865000,60060.6,60010.6,10,7
2021-04-12 00:07:34.926000,60048.9,59998.9,4,7
2021-04-12 00:07:35.145000,60048.9,59983.2,4,7
2021-04-12 00:07:35.401000,60048.9,59991.2,4,7
2021-04-12 00:07:35.604000,60048.9,59992.2,4,7
2021-04-12 00:07:35.654000,60049.2,59992.2,7,7
2021-04-12 00:07:36.110000,60049.2,59991.2,7,7
2021-04-12 00:07:36.161000,60054.8,59991.2,13,7
2021-04-12 00:07:36.376000,60054.8,60004.8,13,7
2021-04-12 00:07:36.641000,60055.7,60005.7,14,7
2021-04-12 00:07:37.177000,60056.3,60006.1,6,7
2021-04-12 00:07:37.642000,60056.2,60006.1,7,7
2021-04-12 00:07:37.894000,60056.3,60006.3,7,7
2021-04-12 00:07:38.169000,60060.3,60006.3,5,7
2021-04-12 00:07:38.322000,60060.3,60006.1,5,7
2021-04-12 00:07:38.539000,60060.3,60006.3,5,7
2021-04-12 00:07:38.640000,60057.9,60006.3,4,7
