2020-01-05 21:00:01.289000,7486.8,7371.8,33,27
2020-01-05 21:00:01.488000,7486.8,7371.7,33,27
2020-01-05 21:00:03.891000,7486.8,7371.8,33,27
2020-01-05 21:00:04.149000,7486.3,7371.2,33,27
2020-01-05 21:00:04.287000,7486.1,7371.0,33,27
2020-01-05 21:00:04.487000,7486.3,7371.2,33,27
2020-01-05 21:00:04.888000,7486.6,7371.5,33,27
2020-01-05 21:00:05.087000,7486.0,7370.9,33,27
2020-01-05 21:00:05.287000,7486.1,7371.0,33,27
2020-01-05 21:00:05.530000,7485.6,7370.5,33,27
2020-01-05 21:00:05.901000,7485.7,7370.6,33,27
2020-01-05 21:00:06.102000,7485.4,7370.3,33,27
2020-01-05 21:00:07.044000,7485.3,7370.2,33,27
2020-01-05 21:00:07.509000,7484.6,7369.5,33,27
2020-01-05 21:00:07.709000,7484.4,7369.3,33,27
2020-01-05 21:00:08.073000,7484.8,7369.7,33,27
2020-01-05 21:00:08.274000,7484.7,7369.6,33,27
2020-01-05 21:00:08.521000,7484.5,7369.4,33,27
2020-01-05 21:00:09.902000,7485.1,7370.1,33,27
2020-01-05 21:00:10.246000,7484.7,7369.6,33,27
2020-01-05 21:00:11.172000,7485.2,7370.2,33,27
2020-01-05 21:00:11.370000,7485.3,7370.2,33,27
2020-01-05 21:00:12.182000,7485.2,7370.2,33,27
2020-01-05 21:00:13.254000,7485.3,7370.2,33,27
2020-01-05 21:00:13.452000,7484.9,7369.8,33,27
2020-01-05 21:00:13.685000,7484.4,7369.4,33,27
2020-01-05 21:00:14.075000,7484.7,7369.7,33,27
2020-01-05 21:00:14.275000,7484.6,7369.5,33,27
2020-01-05 21:00:15.161000,7483.5,7368.4,33,27
2020-01-05 21:00:15.363000,7483.2,7368.1,33,27
2020-01-05 21:00:15.562000,7483.0,7367.9,33,27
2020-01-05 21:00:15.760000,7482.7,7367.6,33,27
2020-01-05 21:00:15.962000,7482.6,7367.5,33,27
2020-01-05 21:00:16.162000,7482.2,7367.1,33,27
2020-01-05 21:00:16.773000,7482.3,7367.2,33,27
2020-01-05 21:00:16.974000,7482.2,7367.1,33,27
2020-01-05 21:00:18.803000,7482.1,7367.0,33,27
2020-01-05 21:00:19.380000,7482.3,7367.2,33,27
2020-01-05 21:00:19.805000,7482.4,7367.3,33,27
2020-01-05 21:00:20.003000,7482.5,7367.4,33,27
2020-01-05 21:00:20.202000,7483.4,7368.3,33,27
2020-01-05 21:00:20.683000,7483.3,7368.2,33,27
2020-01-05 21:00:20.883000,7483.9,7368.8,33,27
2020-01-05 21:00:22.710000,7483.7,7368.6,33,27
2020-01-05 21:00:28.418000,7483.6,7368.5,33,27
2020-01-05 21:00:29.218000,7483.7,7368.6,33,27
2020-01-05 21:00:29.419000,7483.6,7368.5,33,27
2020-01-05 21:00:31.762000,7483.0,7367.9,33,27
2020-01-05 21:00:32.026000,7483.2,7368.1,33,27
2020-01-05 21:00:32.887000,7483.1,7368.0,33,27
2020-01-05 21:00:33.736000,7482.7,7367.6,33,27
2020-01-05 21:00:38.046000,7482.6,7367.6,33,27
2020-01-05 21:00:39.052000,7483.1,7368.0,33,27
2020-01-05 21:00:40.986000,7482.8,7367.7,33,27
2020-01-05 21:00:41.184000,7482.6,7367.5,33,27
2020-01-05 21:00:41.458000,7481.1,7366.0,33,27
2020-01-05 21:00:49.144000,7480.6,7365.5,33,27
2020-01-05 21:00:53.086000,7481.3,7366.2,33,27
2020-01-05 21:00:53.284000,7481.9,7366.8,33,27
2020-01-05 21:00:53.710000,7482.0,7366.9,33,27
2020-01-05 21:00:54.361000,7481.7,7366.7,33,27
2020-01-05 21:00:54.562000,7481.7,7366.6,33,27
2020-01-05 21:00:54.763000,7481.8,7366.7,33,27
2020-01-05 21:00:54.963000,7481.7,7366.6,33,27
2020-01-05 21:00:55.163000,7481.5,7366.4,33,27
2020-01-05 21:00:55.362000,7481.6,7366.5,33,27
2020-01-05 21:00:55.562000,7481.5,7366.5,33,27
2020-01-05 21:00:55.762000,7481.5,7366.4,33,27
2020-01-05 21:00:55.961000,7481.6,7366.5,33,27
2020-01-05 21:00:56.763000,7481.5,7366.5,33,27
2020-01-05 21:00:56.961000,7482.0,7366.9,33,27
2020-01-05 21:01:03.183000,7481.9,7366.9,33,27
2020-01-05 21:01:04.116000,7481.8,7366.7,33,27
2020-01-05 21:01:33.763000,7482.0,7366.9,33,27
2020-01-05 21:01:43.245000,7482.1,7367.0,33,27
2020-01-05 21:01:44.862000,7482.0,7366.9,33,27
2020-01-05 21:01:46.165000,7481.8,7366.7,33,27
2020-01-05 21:01:46.540000,7481.7,7366.6,33,27
2020-01-05 21:01:49.041000,7481.2,7366.1,33,27
2020-01-05 21:01:51.603000,7481.1,7366.1,33,27
2020-01-05 21:01:53.872000,7480.7,7365.6,33,27
2020-01-05 21:01:54.072000,7480.6,7365.5,33,27
2020-01-05 21:01:55.672000,7480.5,7365.5,33,27
2020-01-05 21:01:55.878000,7480.7,7365.6,33,27
2020-01-05 21:01:56.273000,7480.6,7365.5,33,27
2020-01-05 21:01:56.472000,7480.7,7365.6,33,27
2020-01-05 21:01:56.672000,7480.6,7365.5,33,27
2020-01-05 21:01:57.073000,7480.5,7365.4,33,27
2020-01-05 21:01:59.073000,7480.6,7365.5,33,27
2020-01-05 21:01:59.273000,7480.5,7365.4,33,27
2020-01-05 21:01:59.874000,7480.5,7365.5,33,27
2020-01-05 21:02:00.073000,7480.5,7365.4,33,27
2020-01-05 21:02:02.877000,7480.5,7365.5,33,27
2020-01-05 21:02:03.074000,7480.5,7365.4,33,27
2020-01-05 21:02:03.875000,7480.5,7365.5,33,27
2020-01-05 21:02:04.274000,7480.5,7365.4,33,27
2020-01-05 21:02:04.876000,7480.5,7365.5,33,27
2020-01-05 21:02:05.073000,7480.5,7365.4,33,27
2020-01-05 21:02:05.673000,7480.5,7365.5,33,27
2020-01-05 21:02:06.073000,7480.6,7365.5,33,27
2020-01-05 21:02:06.272000,7480.5,7365.4,33,27
2020-01-05 21:02:06.474000,7480.6,7365.5,33,27
2020-01-05 21:02:07.073000,7480.5,7365.4,33,27
2020-01-05 21:02:07.873000,7480.5,7365.5,33,27
2020-01-05 21:02:08.073000,7480.5,7365.4,33,27
2020-01-05 21:02:08.272000,7480.5,7365.5,33,27
2020-01-05 21:02:08.673000,7480.6,7365.5,33,27
2020-01-05 21:02:09.273000,7480.5,7365.4,33,27
2020-01-05 21:02:09.472000,7480.6,7365.5,33,27
2020-01-05 21:02:09.673000,7480.5,7365.5,33,27
2020-01-05 21:02:09.873000,7480.6,7365.5,33,27
2020-01-05 21:02:14.073000,7480.5,7365.4,33,27
2020-01-05 21:02:15.073000,7480.6,7365.5,33,27
2020-01-05 21:02:15.274000,7480.5,7365.4,33,27
2020-01-05 21:02:15.472000,7480.6,7365.5,33,27
2020-01-05 21:02:15.673000,7480.6,7365.6,33,27
2020-01-05 21:02:16.473000,7480.6,7365.5,33,27
2020-01-05 21:02:18.735000,7480.6,7365.6,33,27
2020-01-05 21:02:18.935000,7480.5,7365.4,33,27
2020-01-05 21:02:19.136000,7480.6,7365.5,33,27
2020-01-05 21:02:19.345000,7480.5,7365.4,33,27
2020-01-05 21:02:19.534000,7480.6,7365.5,33,27
2020-01-05 21:02:19.935000,7480.2,7365.2,33,27
2020-01-05 21:02:20.136000,7480.1,7365.0,33,27
2020-01-05 21:02:20.344000,7480.0,7364.9,33,27
2020-01-05 21:02:35.381000,7479.9,7364.8,33,27
2020-01-05 21:02:36.256000,7479.7,7364.6,33,27
2020-01-05 21:02:36.755000,7479.3,7364.2,33,27
2020-01-05 21:02:36.956000,7479.1,7364.0,33,27
2020-01-05 21:02:37.154000,7478.9,7363.8,33,27
2020-01-05 21:02:37.387000,7479.2,7364.1,33,27
2020-01-05 21:02:37.586000,7478.6,7363.5,33,27
2020-01-05 21:02:37.784000,7478.0,7362.9,33,27
2020-01-05 21:02:37.985000,7478.2,7363.1,33,27
2020-01-05 21:02:38.184000,7477.3,7362.2,33,27
2020-01-05 21:02:38.384000,7476.7,7361.6,33,27
2020-01-05 21:02:38.708000,7477.9,7362.8,33,27
2020-01-05 21:02:39.044000,7475.7,7360.6,33,27
2020-01-05 21:02:39.481000,7476.1,7361.0,33,27
2020-01-05 21:02:40.729000,7475.6,7360.5,33,27
2020-01-05 21:02:41.996000,7476.0,7361.0,33,27
2020-01-05 21:02:42.763000,7476.5,7361.4,33,27
2020-01-05 21:02:43.241000,7473.8,7358.7,33,27
2020-01-05 21:02:44.014000,7473.7,7358.6,33,27
2020-01-05 21:02:44.370000,7473.6,7358.5,33,27
2020-01-05 21:02:46.118000,7474.1,7359.0,33,27
2020-01-05 21:02:47.341000,7474.2,7359.1,33,27
2020-01-05 21:02:48.971000,7474.5,7359.4,33,27
2020-01-05 21:02:49.343000,7474.3,7359.2,33,27
2020-01-05 21:02:49.546000,7473.8,7358.7,33,27
2020-01-05 21:02:52.892000,7473.7,7358.6,33,27
2020-01-05 21:02:53.091000,7473.0,7357.9,33,27
2020-01-05 21:02:53.292000,7472.2,7357.2,33,27
2020-01-05 21:02:53.492000,7472.3,7357.2,33,27
2020-01-05 21:02:53.691000,7471.8,7356.7,33,27
2020-01-05 21:02:53.916000,7471.9,7356.8,33,27
2020-01-05 21:02:54.265000,7471.0,7356.0,33,27
2020-01-05 21:02:58.353000,7470.5,7355.5,33,27
2020-01-05 21:03:00.985000,7469.8,7354.7,33,27
2020-01-05 21:03:01.253000,7470.3,7355.2,33,27
2020-01-05 21:03:01.455000,7469.7,7354.6,33,27
2020-01-05 21:03:01.654000,7468.2,7353.1,33,27
2020-01-05 21:03:01.859000,7467.5,7352.4,33,27
2020-01-05 21:03:02.833000,7468.5,7353.4,33,27
2020-01-05 21:03:03.295000,7467.0,7351.9,33,27
2020-01-05 21:03:03.762000,7467.5,7352.4,33,27
2020-01-05 21:03:03.963000,7466.9,7351.9,33,27
2020-01-05 21:03:04.162000,7467.0,7351.9,33,27
2020-01-05 21:03:06.070000,7467.3,7352.2,33,27
2020-01-05 21:03:06.361000,7465.0,7349.9,33,27
2020-01-05 21:03:07.753000,7465.5,7350.4,33,27
2020-01-05 21:03:08.128000,7465.2,7350.1,33,27
2020-01-05 21:03:09.360000,7464.9,7349.8,33,27
2020-01-05 21:03:09.803000,7466.7,7351.6,33,27
2020-01-05 21:03:10.144000,7465.5,7350.4,33,27
2020-01-05 21:03:11.780000,7466.2,7351.1,33,27
2020-01-05 21:03:14.380000,7466.7,7351.6,33,27
2020-01-05 21:03:15.004000,7467.6,7352.5,33,27
2020-01-05 21:03:15.205000,7468.3,7353.2,33,27
2020-01-05 21:03:15.561000,7468.6,7353.5,33,27
2020-01-05 21:03:16.038000,7469.0,7353.9,33,27
2020-01-05 21:03:17.418000,7465.0,7349.9,33,27
2020-01-05 21:03:17.688000,7464.2,7349.1,33,27
2020-01-05 21:03:17.888000,7464.0,7348.9,33,27
2020-01-05 21:03:18.494000,7464.5,7349.4,33,27
2020-01-05 21:03:18.890000,7464.4,7349.4,33,27
2020-01-05 21:03:19.784000,7464.4,7349.3,33,27
2020-01-05 21:03:20.984000,7465.1,7350.0,33,27
2020-01-05 21:03:21.365000,7465.5,7350.5,33,27
2020-01-05 21:03:21.565000,7465.2,7350.1,33,27
2020-01-05 21:03:22.365000,7465.1,7350.1,33,27
2020-01-05 21:03:22.567000,7465.1,7350.0,33,27
2020-01-05 21:03:23.364000,7465.2,7350.1,33,27
2020-01-05 21:03:23.765000,7465.3,7350.2,33,27
2020-01-05 21:03:23.964000,7465.2,7350.1,33,27
2020-01-05 21:03:24.166000,7464.9,7349.8,33,27
2020-01-05 21:03:25.161000,7465.2,7350.1,33,27
2020-01-05 21:03:25.429000,7465.8,7350.7,33,27
2020-01-05 21:03:25.627000,7465.9,7350.8,33,27
2020-01-05 21:03:25.827000,7465.7,7350.6,33,27
2020-01-05 21:03:26.041000,7466.0,7350.9,33,27
2020-01-05 21:03:26.233000,7465.9,7350.8,33,27
2020-01-05 21:03:26.428000,7466.0,7350.9,33,27
2020-01-05 21:03:27.035000,7466.4,7351.3,33,27
2020-01-05 21:03:27.233000,7466.5,7351.4,33,27
2020-01-05 21:03:28.188000,7466.4,7351.4,33,27
2020-01-05 21:03:29.112000,7467.0,7351.9,33,27
2020-01-05 21:03:29.533000,7466.2,7351.1,33,27
2020-01-05 21:03:30.307000,7466.1,7351.0,33,27
2020-01-05 21:03:32.815000,7467.0,7351.9,33,27
2020-01-05 21:03:34.045000,7467.0,7352.0,33,27
2020-01-05 21:03:34.246000,7467.1,7352.1,33,27
2020-01-05 21:03:34.647000,7467.1,7352.0,33,27
2020-01-05 21:03:34.845000,7467.2,7352.1,33,27
2020-01-05 21:03:35.445000,7467.9,7352.8,33,27
2020-01-05 21:03:35.645000,7467.7,7352.6,33,27
2020-01-05 21:03:35.846000,7467.3,7352.2,33,27
2020-01-05 21:03:38.322000,7467.7,7352.6,33,27
2020-01-05 21:03:38.720000,7467.4,7352.3,33,27
2020-01-05 21:03:39.837000,7468.0,7352.9,33,27
2020-01-05 21:03:40.040000,7467.8,7352.7,33,27
2020-01-05 21:03:40.438000,7467.9,7352.8,33,27
2020-01-05 21:03:41.237000,7467.9,7352.9,33,27
2020-01-05 21:03:41.438000,7468.0,7352.9,33,27
2020-01-05 21:03:41.838000,7468.3,7353.2,33,27
2020-01-05 21:03:42.237000,7468.4,7353.3,33,27
2020-01-05 21:03:42.438000,7468.1,7353.1,33,27
2020-01-05 21:03:42.639000,7468.2,7353.2,33,27
2020-01-05 21:03:42.839000,7468.5,7353.4,33,27
2020-01-05 21:03:43.038000,7468.3,7353.2,33,27
2020-01-05 21:03:43.239000,7468.2,7353.2,33,27
2020-01-05 21:03:43.437000,7468.3,7353.2,33,27
2020-01-05 21:03:43.637000,7468.2,7353.1,33,27
2020-01-05 21:03:43.838000,7468.3,7353.2,33,27
2020-01-05 21:03:44.698000,7468.2,7353.2,33,27
2020-01-05 21:03:44.897000,7468.3,7353.2,33,27
2020-01-05 21:03:45.100000,7468.9,7353.8,33,27
2020-01-05 21:03:45.298000,7468.3,7353.2,33,27
2020-01-05 21:03:45.498000,7468.8,7353.7,33,27
2020-01-05 21:03:45.698000,7468.6,7353.5,33,27
2020-01-05 21:03:45.900000,7468.8,7353.7,33,27
2020-01-05 21:03:46.098000,7468.4,7353.3,33,27
2020-01-05 21:03:47.698000,7468.3,7353.2,33,27
2020-01-05 21:03:48.053000,7468.3,7353.3,33,27
2020-01-05 21:03:48.472000,7468.2,7353.1,33,27
2020-01-05 21:03:48.866000,7468.1,7353.0,33,27
2020-01-05 21:03:49.065000,7468.2,7353.1,33,27
2020-01-05 21:03:49.465000,7468.2,7353.2,33,27
2020-01-05 21:03:49.666000,7468.1,7353.0,33,27
2020-01-05 21:03:49.866000,7468.2,7353.1,33,27
2020-01-05 21:03:50.065000,7468.9,7353.8,33,27
2020-01-05 21:03:50.686000,7469.1,7354.0,33,27
2020-01-05 21:03:51.286000,7469.3,7354.2,33,27
2020-01-05 21:03:51.486000,7469.0,7353.9,33,27
2020-01-05 21:03:51.688000,7469.1,7354.0,33,27
2020-01-05 21:03:51.888000,7469.2,7354.1,33,27
2020-01-05 21:03:52.089000,7469.1,7354.0,33,27
2020-01-05 21:03:52.900000,7469.0,7354.0,33,27
2020-01-05 21:03:53.101000,7469.2,7354.1,33,27
2020-01-05 21:03:55.100000,7469.4,7354.3,33,27
2020-01-05 21:03:56.101000,7469.3,7354.2,33,27
2020-01-05 21:03:56.901000,7469.3,7354.3,33,27
2020-01-05 21:03:57.101000,7469.5,7354.4,33,27
2020-01-05 21:03:57.300000,7469.1,7354.0,33,27
2020-01-05 21:03:57.501000,7469.0,7354.0,33,27
2020-01-05 21:03:58.140000,7469.5,7354.4,33,27
2020-01-05 21:03:59.682000,7469.4,7354.3,33,27
2020-01-05 21:04:00.082000,7469.4,7354.4,33,27
2020-01-05 21:04:00.281000,7469.4,7354.3,33,27
2020-01-05 21:04:00.482000,7469.0,7354.0,33,27
2020-01-05 21:04:00.681000,7469.1,7354.0,33,27
2020-01-05 21:04:01.280000,7469.0,7353.9,33,27
2020-01-05 21:04:01.484000,7469.5,7354.4,33,27
2020-01-05 21:04:01.882000,7469.6,7354.5,33,27
2020-01-05 21:04:02.081000,7469.5,7354.4,33,27
2020-01-05 21:04:02.430000,7469.5,7354.5,33,27
2020-01-05 21:04:03.421000,7469.7,7354.6,33,27
2020-01-05 21:04:05.427000,7469.6,7354.5,33,27
2020-01-05 21:04:06.102000,7469.6,7354.6,33,27
2020-01-05 21:04:06.302000,7469.6,7354.5,33,27
2020-01-05 21:04:06.502000,7469.8,7354.7,33,27
2020-01-05 21:04:11.547000,7469.5,7354.5,33,27
2020-01-05 21:04:11.779000,7469.8,7354.7,33,27
2020-01-05 21:04:12.381000,7470.0,7354.9,33,27
2020-01-05 21:04:12.579000,7470.6,7355.5,33,27
2020-01-05 21:04:12.780000,7470.6,7355.6,33,27
2020-01-05 21:04:13.180000,7470.6,7355.5,33,27
2020-01-05 21:04:13.379000,7470.8,7355.7,33,27
2020-01-05 21:04:14.627000,7471.2,7356.1,33,27
2020-01-05 21:04:14.954000,7471.4,7356.3,33,27
2020-01-05 21:04:16.655000,7471.6,7356.5,33,27
2020-01-05 21:04:19.935000,7471.5,7356.4,33,27
2020-01-05 21:04:20.505000,7471.4,7356.3,33,27
2020-01-05 21:04:20.935000,7471.0,7355.9,33,27
2020-01-05 21:04:21.136000,7470.6,7355.5,33,27
2020-01-05 21:04:21.787000,7471.0,7355.9,33,27
2020-01-05 21:04:22.609000,7470.6,7355.5,33,27
2020-01-05 21:04:23.011000,7470.2,7355.1,33,27
2020-01-05 21:04:23.210000,7470.0,7354.9,33,27
2020-01-05 21:04:23.408000,7469.9,7354.8,33,27
2020-01-05 21:04:25.027000,7469.5,7354.4,33,27
2020-01-05 21:04:26.111000,7469.4,7354.3,33,27
2020-01-05 21:04:27.229000,7469.1,7354.1,33,27
2020-01-05 21:04:27.985000,7469.2,7354.1,33,27
2020-01-05 21:04:29.314000,7469.0,7353.9,33,27
2020-01-05 21:04:30.117000,7468.8,7353.8,33,27
2020-01-05 21:04:30.317000,7468.9,7353.8,33,27
2020-01-05 21:04:30.519000,7469.0,7353.9,33,27
2020-01-05 21:04:30.717000,7468.9,7353.8,33,27
2020-01-05 21:04:31.115000,7468.6,7353.5,33,27
2020-01-05 21:04:32.120000,7468.5,7353.4,33,27
2020-01-05 21:04:32.720000,7468.3,7353.2,33,27
2020-01-05 21:04:32.919000,7468.2,7353.1,33,27
2020-01-05 21:04:33.786000,7468.1,7353.0,33,27
2020-01-05 21:04:34.516000,7468.3,7353.2,33,27
2020-01-05 21:04:35.115000,7468.2,7353.1,33,27
2020-01-05 21:04:37.176000,7468.2,7353.2,33,27
2020-01-05 21:04:37.718000,7468.2,7353.1,33,27
2020-01-05 21:04:41.254000,7468.4,7353.3,33,27
2020-01-05 21:04:41.854000,7468.2,7353.1,33,27
2020-01-05 21:04:42.281000,7468.3,7353.3,33,27
2020-01-05 21:04:42.455000,7468.2,7353.1,33,27
2020-01-05 21:04:45.317000,7466.2,7351.1,33,27
2020-01-05 21:04:45.699000,7466.4,7351.4,33,27
2020-01-05 21:04:46.099000,7466.8,7351.7,33,27
2020-01-05 21:04:48.834000,7466.7,7351.6,33,27
2020-01-05 21:04:49.034000,7467.0,7351.9,33,27
2020-01-05 21:04:49.432000,7466.9,7351.8,33,27
2020-01-05 21:04:49.634000,7467.0,7351.9,33,27
2020-01-05 21:04:50.035000,7466.8,7351.7,33,27
2020-01-05 21:04:50.234000,7467.0,7351.9,33,27
2020-01-05 21:04:50.833000,7466.6,7351.5,33,27
2020-01-05 21:04:51.836000,7466.8,7351.7,33,27
2020-01-05 21:04:52.233000,7466.7,7351.6,33,27
2020-01-05 21:04:52.806000,7466.8,7351.7,33,27
2020-01-05 21:04:53.223000,7466.9,7351.8,33,27
2020-01-05 21:04:54.750000,7467.1,7352.0,33,27
2020-01-05 21:04:54.951000,7467.3,7352.2,33,27
2020-01-05 21:04:55.151000,7467.4,7352.3,33,27
2020-01-05 21:04:55.350000,7467.6,7352.5,33,27
2020-01-05 21:04:55.751000,7467.3,7352.2,33,27
2020-01-05 21:04:55.950000,7467.3,7352.3,33,27
2020-01-05 21:04:56.150000,7467.6,7352.5,33,27
2020-01-05 21:04:56.350000,7467.4,7352.3,33,27
2020-01-05 21:04:56.752000,7468.1,7353.0,33,27
2020-01-05 21:04:58.047000,7468.6,7353.5,33,27
2020-01-05 21:04:58.448000,7468.7,7353.6,33,27
2020-01-05 21:04:58.647000,7468.6,7353.6,33,27
2020-01-05 21:04:58.856000,7468.6,7353.5,33,27
2020-01-05 21:04:59.056000,7469.3,7354.2,33,27
2020-01-05 21:05:01.059000,7469.4,7354.3,33,27
2020-01-05 21:05:01.667000,7469.6,7354.5,33,27
2020-01-05 21:05:02.063000,7469.3,7354.2,33,27
2020-01-05 21:05:03.018000,7469.2,7354.1,33,27
2020-01-05 21:05:03.818000,7469.4,7354.3,33,27
2020-01-05 21:05:04.020000,7469.5,7354.4,33,27
2020-01-05 21:05:05.146000,7469.6,7354.6,33,27
2020-01-05 21:05:06.271000,7469.5,7354.4,33,27
2020-01-05 21:05:07.070000,7469.7,7354.6,33,27
2020-01-05 21:05:07.871000,7469.6,7354.5,33,27
2020-01-05 21:05:08.318000,7469.5,7354.4,33,27
2020-01-05 21:05:08.517000,7469.5,7354.5,33,27
2020-01-05 21:05:08.717000,7469.5,7354.4,33,27
2020-01-05 21:05:11.296000,7469.6,7354.5,33,27
2020-01-05 21:05:13.498000,7469.5,7354.4,33,27
2020-01-05 21:05:13.721000,7469.6,7354.5,33,27
2020-01-05 21:05:13.921000,7469.5,7354.4,33,27
2020-01-05 21:05:15.321000,7469.7,7354.6,33,27
2020-01-05 21:05:15.521000,7469.6,7354.5,33,27
2020-01-05 21:05:16.410000,7469.7,7354.6,33,27
2020-01-05 21:05:18.630000,7469.6,7354.5,33,27
2020-01-05 21:05:18.923000,7469.7,7354.6,33,27
2020-01-05 21:05:19.125000,7469.6,7354.5,33,27
2020-01-05 21:05:22.771000,7469.7,7354.6,33,27
2020-01-05 21:05:28.996000,7469.6,7354.5,33,27
2020-01-05 21:05:29.220000,7469.5,7354.4,33,27
2020-01-05 21:05:30.541000,7469.3,7354.2,33,27
2020-01-05 21:05:30.985000,7469.1,7354.0,33,27
2020-01-05 21:05:32.192000,7469.0,7353.9,33,27
2020-01-05 21:05:36.012000,7469.1,7354.0,33,27
2020-01-05 21:05:37.297000,7469.3,7354.2,33,27
2020-01-05 21:05:37.700000,7469.4,7354.3,33,27
2020-01-05 21:05:37.901000,7469.3,7354.2,33,27
2020-01-05 21:05:38.560000,7469.5,7354.4,33,27
2020-01-05 21:05:45.739000,7469.7,7354.6,33,27
2020-01-05 21:05:47.878000,7470.6,7355.5,33,27
2020-01-05 21:05:48.518000,7470.9,7355.8,33,27
2020-01-05 21:05:49.952000,7471.2,7356.1,33,27
2020-01-05 21:05:53.079000,7471.1,7356.0,33,27
2020-01-05 21:06:04.284000,7471.3,7356.2,33,27
2020-01-05 21:06:08.120000,7471.2,7356.2,33,27
2020-01-05 21:06:20.990000,7471.3,7356.2,33,27
2020-01-05 21:06:21.185000,7471.7,7356.6,33,27
2020-01-05 21:06:23.298000,7471.6,7356.5,33,27
2020-01-05 21:06:27.640000,7470.7,7355.6,33,27
2020-01-05 21:06:28.055000,7470.6,7355.5,33,27
2020-01-05 21:06:41.377000,7471.1,7356.0,33,27
2020-01-05 21:06:53.483000,7471.3,7356.2,33,27
2020-01-05 21:06:56.096000,7471.4,7356.3,33,27
2020-01-05 21:07:04.608000,7470.9,7355.8,33,27
2020-01-05 21:07:05.638000,7470.8,7355.7,33,27
2020-01-05 21:07:06.637000,7470.7,7355.6,33,27
2020-01-05 21:07:07.882000,7470.8,7355.7,33,27
2020-01-05 21:07:11.980000,7471.0,7355.9,33,27
2020-01-05 21:07:13.048000,7471.1,7356.0,33,27
2020-01-05 21:07:17.296000,7471.0,7356.0,33,27
2020-01-05 21:07:18.307000,7471.2,7356.1,33,27
2020-01-05 21:07:20.304000,7471.0,7356.0,33,27
2020-01-05 21:07:21.602000,7471.5,7356.4,33,27
2020-01-05 21:07:23.500000,7471.3,7356.2,33,27
2020-01-05 21:07:24.485000,7471.5,7356.4,33,27
2020-01-05 21:07:28.997000,7471.7,7356.6,33,27
2020-01-05 21:07:33.421000,7472.9,7357.8,33,27
2020-01-05 21:07:38.471000,7472.6,7357.6,33,27
2020-01-05 21:07:43.505000,7473.2,7358.1,33,27
2020-01-05 21:07:46.446000,7473.5,7358.4,33,27
2020-01-05 21:07:50.285000,7473.6,7358.5,33,27
2020-01-05 21:08:00.345000,7473.6,7358.6,33,27
2020-01-05 21:08:32.063000,7473.5,7358.4,33,27
2020-01-05 21:08:33.500000,7473.0,7357.9,33,27
2020-01-05 21:08:34.425000,7472.9,7357.8,33,27
2020-01-05 21:08:36.641000,7472.4,7357.4,33,27
2020-01-05 21:08:36.842000,7472.7,7357.6,33,27
2020-01-05 21:08:39.509000,7472.4,7357.3,33,27
2020-01-05 21:08:41.134000,7472.2,7357.1,33,27
2020-01-05 21:08:41.429000,7472.4,7357.3,33,27
2020-01-05 21:08:43.615000,7471.9,7356.8,33,27
2020-01-05 21:08:45.417000,7471.8,7356.8,33,27
2020-01-05 21:08:46.278000,7471.8,7356.7,33,27
2020-01-05 21:08:46.733000,7471.5,7356.4,33,27
2020-01-05 21:08:47.796000,7471.4,7356.3,33,27
2020-01-05 21:08:50.984000,7471.9,7356.8,33,27
2020-01-05 21:08:51.343000,7471.5,7356.4,33,27
2020-01-05 21:09:06.235000,7471.3,7356.3,33,27
2020-01-05 21:09:07.470000,7471.3,7356.2,33,27
2020-01-05 21:09:10.766000,7471.4,7356.3,33,27
2020-01-05 21:09:14.261000,7471.3,7356.2,33,27
2020-01-05 21:09:15.828000,7471.2,7356.1,33,27
2020-01-05 21:09:31.729000,7471.6,7356.5,33,27
2020-01-05 21:09:32.483000,7471.2,7356.2,33,27
2020-01-05 21:09:51.786000,7471.6,7356.5,33,27
2020-01-05 21:09:53.276000,7471.8,7356.7,33,27
2020-01-05 21:09:53.591000,7471.9,7356.8,33,27
2020-01-05 21:09:56.118000,7472.2,7357.1,33,27
2020-01-05 21:09:57.815000,7471.9,7356.8,33,27
2020-01-05 21:10:19.455000,7474.3,7359.2,33,27
2020-01-05 21:10:20.778000,7474.4,7359.3,33,27
2020-01-05 21:10:21.774000,7474.3,7359.2,33,27
2020-01-05 21:10:22.767000,7474.7,7359.6,33,27
2020-01-05 21:10:28.005000,7474.8,7359.7,33,27
2020-01-05 21:10:28.989000,7474.7,7359.6,33,27
2020-01-05 21:10:30.048000,7473.7,7358.6,33,27
2020-01-05 21:10:31.080000,7474.1,7359.0,33,27
2020-01-05 21:10:34.173000,7473.9,7358.8,33,27
2020-01-05 21:10:35.242000,7474.5,7359.4,33,27
2020-01-05 21:10:37.259000,7474.1,7359.0,33,27
2020-01-05 21:10:38.344000,7473.9,7358.8,33,27
2020-01-05 21:10:39.369000,7474.1,7359.0,33,27
2020-01-05 21:10:40.459000,7474.4,7359.3,33,27
2020-01-05 21:10:40.858000,7474.1,7359.0,33,27
2020-01-05 21:10:48.720000,7473.9,7358.8,33,27
2020-01-05 21:10:49.211000,7473.7,7358.6,33,27
2020-01-05 21:10:49.480000,7473.8,7358.7,33,27
2020-01-05 21:10:49.980000,7473.5,7358.4,33,27
2020-01-05 21:10:50.469000,7473.4,7358.3,33,27
2020-01-05 21:10:50.685000,7473.7,7358.6,33,27
2020-01-05 21:10:51.611000,7473.4,7358.3,33,27
2020-01-05 21:10:52.657000,7473.0,7357.9,33,27
2020-01-05 21:10:56.441000,7472.6,7357.5,33,27
2020-01-05 21:10:57.960000,7472.1,7357.0,33,27
2020-01-05 21:11:00.984000,7472.5,7357.4,33,27
2020-01-05 21:11:01.288000,7472.1,7357.0,33,27
2020-01-05 21:11:04.661000,7472.5,7357.4,33,27
2020-01-05 21:11:36.891000,7472.4,7357.3,33,27
2020-01-05 21:11:37.088000,7472.3,7357.2,33,27
2020-01-05 21:11:49.909000,7472.1,7357.0,33,27
2020-01-05 21:11:53.464000,7471.1,7356.0,33,27
2020-01-05 21:11:58.894000,7471.0,7355.9,33,27
2020-01-05 21:12:00.984000,7471.3,7356.2,33,27
2020-01-05 21:12:01.384000,7471.2,7356.1,33,27
2020-01-05 21:12:01.599000,7471.1,7356.0,33,27
2020-01-05 21:12:03.304000,7471.3,7356.2,33,27
2020-01-05 21:12:03.666000,7471.2,7356.1,33,27
2020-01-05 21:12:04.116000,7471.4,7356.3,33,27
2020-01-05 21:12:27.231000,7471.5,7356.4,33,27
2020-01-05 21:12:27.627000,7471.6,7356.5,33,27
2020-01-05 21:12:57.384000,7472.2,7357.1,33,27
2020-01-05 21:13:11.695000,7472.1,7357.0,33,27
2020-01-05 21:13:14.461000,7472.4,7357.3,33,27
2020-01-05 21:13:34.075000,7472.3,7357.3,33,27
2020-01-05 21:13:34.457000,7472.3,7357.2,33,27
2020-01-05 21:13:35.516000,7472.2,7357.2,33,27
2020-01-05 21:13:36.530000,7472.3,7357.2,33,27
2020-01-05 21:13:37.339000,7472.2,7357.1,33,27
2020-01-05 21:13:37.538000,7472.1,7357.0,33,27
2020-01-05 21:13:38.710000,7472.0,7356.9,33,27
2020-01-05 21:13:38.910000,7471.9,7356.8,33,27
2020-01-05 21:13:40.397000,7471.8,7356.7,33,27
2020-01-05 21:13:41.662000,7471.9,7356.8,33,27
2020-01-05 21:13:48.400000,7471.8,7356.7,33,27
2020-01-05 21:13:54.424000,7472.1,7357.0,33,27
2020-01-05 21:13:54.930000,7472.2,7357.1,33,27
2020-01-05 21:13:56.203000,7471.6,7356.5,33,27
2020-01-05 21:13:57.058000,7471.8,7356.7,33,27
2020-01-05 21:13:57.741000,7471.5,7356.4,33,27
2020-01-05 21:14:01.972000,7471.3,7356.2,33,27
2020-01-05 21:14:03.496000,7471.0,7355.9,33,27
2020-01-05 21:14:03.694000,7470.2,7355.1,33,27
2020-01-05 21:14:05.573000,7469.8,7354.7,33,27
2020-01-05 21:14:06.795000,7469.8,7354.8,33,27
2020-01-05 21:14:08.026000,7470.3,7355.2,33,27
2020-01-05 21:14:10.348000,7470.1,7355.0,33,27
2020-01-05 21:14:10.547000,7469.9,7354.8,33,27
2020-01-05 21:14:10.747000,7469.5,7354.4,33,27
2020-01-05 21:14:10.949000,7469.3,7354.2,33,27
2020-01-05 21:14:19.110000,7469.4,7354.3,33,27
2020-01-05 21:14:19.364000,7469.5,7354.4,33,27
2020-01-05 21:14:19.836000,7469.4,7354.3,33,27
2020-01-05 21:14:20.151000,7469.5,7354.4,33,27
2020-01-05 21:14:29.321000,7469.4,7354.3,33,27
2020-01-05 21:14:30.468000,7469.5,7354.4,33,27
2020-01-05 21:14:34.808000,7469.3,7354.3,33,27
2020-01-05 21:14:37.475000,7469.5,7354.4,33,27
2020-01-05 21:14:37.674000,7469.3,7354.3,33,27
2020-01-05 21:14:37.876000,7469.5,7354.4,33,27
2020-01-05 21:14:45.774000,7469.4,7354.3,33,27
2020-01-05 21:14:48.553000,7468.6,7353.5,33,27
2020-01-05 21:14:49.664000,7468.4,7353.3,33,27
2020-01-05 21:14:50.090000,7468.1,7353.0,33,27
2020-01-05 21:14:53.003000,7468.6,7353.5,33,27
2020-01-05 21:14:53.338000,7468.7,7353.6,33,27
2020-01-05 21:14:53.764000,7469.1,7354.0,33,27
2020-01-05 21:15:01.422000,7469.0,7353.9,33,27
2020-01-05 21:15:01.854000,7468.2,7353.1,33,27
2020-01-05 21:15:03.426000,7467.2,7352.1,33,27
2020-01-05 21:15:03.625000,7466.3,7351.2,33,27
2020-01-05 21:15:53.614000,7466.1,7351.0,33,27
2020-01-05 21:15:57.568000,7466.3,7351.2,33,27
2020-01-05 21:16:07.324000,7467.2,7352.1,33,27
2020-01-05 21:16:13.170000,7468.3,7353.2,33,27
2020-01-05 21:16:13.601000,7468.4,7353.3,33,27
2020-01-05 21:16:14.147000,7468.5,7353.4,33,27
2020-01-05 21:16:14.534000,7469.1,7354.0,33,27
2020-01-05 21:16:21.482000,7467.9,7352.8,33,27
2020-01-05 21:16:21.835000,7468.8,7353.7,33,27
2020-01-05 21:16:24.780000,7469.1,7354.0,33,27
2020-01-05 21:16:32.876000,7468.9,7353.9,33,27
2020-01-05 21:16:33.330000,7468.9,7353.8,33,27
2020-01-05 21:16:33.661000,7468.8,7353.7,33,27
2020-01-05 21:16:36.234000,7469.0,7353.9,33,27
2020-01-05 21:16:36.580000,7469.0,7354.0,33,27
2020-01-05 21:16:41.193000,7469.4,7354.3,33,27
2020-01-05 21:16:44.201000,7469.0,7354.0,33,27
2020-01-05 21:16:45.872000,7469.3,7354.2,33,27
2020-01-05 21:18:10.011000,7467.9,7352.8,33,27
2020-01-05 21:18:10.419000,7468.9,7353.8,33,27
2020-01-05 21:18:13.081000,7468.7,7353.7,33,27
2020-01-05 21:18:13.256000,7468.7,7353.6,33,27
2020-01-05 21:18:13.739000,7468.2,7353.1,33,27
2020-01-05 21:18:14.571000,7467.6,7352.5,33,27
2020-01-05 21:18:23.218000,7467.5,7352.4,33,27
2020-01-05 21:18:24.283000,7467.4,7352.3,33,27
2020-01-05 21:18:30.755000,7468.1,7353.0,33,27
2020-01-05 21:18:31.156000,7468.0,7352.9,33,27
2020-01-05 21:18:33.575000,7467.8,7352.7,33,27
2020-01-05 21:18:38.285000,7467.5,7352.4,33,27
2020-01-05 21:18:41.207000,7468.1,7353.0,33,27
2020-01-05 21:18:41.584000,7467.8,7352.7,33,27
2020-01-05 21:18:43.674000,7467.4,7352.3,33,27
2020-01-05 21:18:43.874000,7467.2,7352.1,33,27
2020-01-05 21:18:44.633000,7467.0,7351.9,33,27
2020-01-05 21:18:46.250000,7467.1,7352.0,33,27
2020-01-05 21:18:46.615000,7467.0,7351.9,33,27
2020-01-05 21:18:50.986000,7467.1,7352.0,33,27
2020-01-05 21:19:03.444000,7466.9,7351.9,33,27
2020-01-05 21:19:04.795000,7467.5,7352.4,33,27
2020-01-05 21:19:05.483000,7467.2,7352.1,33,27
2020-01-05 21:19:06.784000,7467.3,7352.2,33,27
2020-01-05 21:19:18.269000,7467.5,7352.4,33,27
2020-01-05 21:19:22.058000,7467.3,7352.2,33,27
2020-01-05 21:19:22.257000,7467.5,7352.4,33,27
2020-01-05 21:19:38.279000,7467.3,7352.3,33,27
2020-01-05 21:19:38.585000,7467.5,7352.4,33,27
2020-01-05 21:19:38.791000,7466.4,7351.3,33,27
2020-01-05 21:19:41.391000,7466.3,7351.2,33,27
2020-01-05 21:19:42.833000,7466.0,7350.9,33,27
2020-01-05 21:19:43.032000,7466.1,7351.0,33,27
2020-01-05 21:19:43.678000,7465.9,7350.8,33,27
2020-01-05 21:19:43.888000,7465.8,7350.7,33,27
2020-01-05 21:19:45.029000,7464.9,7349.8,33,27
2020-01-05 21:19:45.580000,7464.7,7349.6,33,27
2020-01-05 21:19:46.090000,7464.6,7349.5,33,27
2020-01-05 21:19:47.103000,7464.7,7349.6,33,27
2020-01-05 21:19:47.922000,7465.3,7350.2,33,27
2020-01-05 21:19:49.121000,7465.0,7349.9,33,27
2020-01-05 21:19:49.979000,7465.2,7350.1,33,27
2020-01-05 21:19:50.498000,7465.3,7350.2,33,27
2020-01-05 21:19:50.984000,7465.6,7350.5,33,27
2020-01-05 21:19:51.185000,7465.7,7350.6,33,27
2020-01-05 21:19:51.384000,7465.2,7350.2,33,27
2020-01-05 21:19:52.066000,7465.3,7350.3,33,27
2020-01-05 21:19:53.115000,7465.6,7350.5,33,27
2020-01-05 21:19:54.176000,7465.3,7350.2,33,27
2020-01-05 21:19:55.208000,7465.4,7350.3,33,27
2020-01-05 21:19:56.338000,7465.3,7350.2,33,27
2020-01-05 21:19:57.384000,7465.7,7350.6,33,27
2020-01-05 21:19:58.671000,7465.4,7350.3,33,27
2020-01-05 21:19:59.078000,7465.1,7350.0,33,27
2020-01-05 21:19:59.521000,7464.6,7349.6,33,27
2020-01-05 21:20:01.589000,7464.8,7349.7,33,27
2020-01-05 21:20:02.109000,7465.5,7350.4,33,27
2020-01-05 21:20:04.237000,7465.2,7350.1,33,27
2020-01-05 21:20:04.632000,7465.0,7349.9,33,27
2020-01-05 21:20:15.557000,7464.9,7349.8,33,27
2020-01-05 21:20:15.756000,7465.0,7349.9,33,27
2020-01-05 21:20:15.987000,7464.9,7349.8,33,27
2020-01-05 21:20:16.386000,7464.6,7349.5,33,27
2020-01-05 21:20:16.585000,7464.6,7349.6,33,27
2020-01-05 21:20:17.059000,7464.6,7349.5,33,27
2020-01-05 21:20:17.263000,7464.3,7349.2,33,27
2020-01-05 21:20:18.829000,7464.1,7349.0,33,27
2020-01-05 21:20:19.858000,7464.2,7349.1,33,27
2020-01-05 21:20:21.072000,7464.1,7349.0,33,27
2020-01-05 21:20:24.524000,7464.0,7348.9,33,27
2020-01-05 21:20:24.919000,7464.4,7349.4,33,27
2020-01-05 21:20:25.702000,7464.2,7349.2,33,27
2020-01-05 21:20:29.503000,7464.1,7349.0,33,27
2020-01-05 21:20:33.670000,7463.0,7348.0,33,27
2020-01-05 21:20:36.896000,7463.1,7348.0,33,27
2020-01-05 21:20:37.294000,7463.2,7348.1,33,27
2020-01-05 21:20:37.495000,7463.0,7347.9,33,27
2020-01-05 21:20:37.695000,7463.2,7348.1,33,27
2020-01-05 21:20:37.894000,7463.1,7348.0,33,27
2020-01-05 21:20:38.094000,7463.0,7347.9,33,27
2020-01-05 21:20:38.294000,7463.1,7348.0,33,27
2020-01-05 21:20:38.496000,7462.7,7347.6,33,27
2020-01-05 21:20:38.695000,7462.9,7347.8,33,27
2020-01-05 21:20:39.914000,7462.5,7347.4,33,27
2020-01-05 21:20:40.113000,7462.7,7347.6,33,27
2020-01-05 21:20:41.409000,7462.8,7347.7,33,27
2020-01-05 21:20:41.617000,7462.9,7347.8,33,27
2020-01-05 21:20:41.808000,7462.9,7347.9,33,27
2020-01-05 21:20:42.010000,7463.0,7347.9,33,27
2020-01-05 21:20:42.209000,7462.9,7347.9,33,27
2020-01-05 21:20:42.608000,7463.0,7347.9,33,27
2020-01-05 21:20:43.009000,7463.2,7348.1,33,27
2020-01-05 21:20:43.210000,7463.0,7347.9,33,27
2020-01-05 21:20:43.608000,7463.1,7348.0,33,27
2020-01-05 21:20:44.826000,7463.3,7348.2,33,27
2020-01-05 21:20:45.406000,7463.5,7348.4,33,27
2020-01-05 21:20:45.611000,7463.3,7348.2,33,27
2020-01-05 21:20:47.433000,7463.2,7348.1,33,27
2020-01-05 21:20:50.755000,7463.1,7348.0,33,27
2020-01-05 21:20:51.417000,7463.0,7348.0,33,27
2020-01-05 21:20:51.617000,7463.1,7348.0,33,27
2020-01-05 21:20:52.417000,7463.0,7348.0,33,27
2020-01-05 21:20:52.617000,7463.0,7347.9,33,27
2020-01-05 21:20:53.577000,7462.8,7347.8,33,27
2020-01-05 21:20:54.041000,7462.9,7347.8,33,27
2020-01-05 21:20:58.316000,7462.7,7347.6,33,27
2020-01-05 21:20:58.717000,7462.7,7347.7,33,27
2020-01-05 21:20:58.916000,7462.8,7347.7,33,27
2020-01-05 21:20:59.340000,7462.9,7347.8,33,27
2020-01-05 21:20:59.739000,7462.8,7347.7,33,27
2020-01-05 21:21:02.182000,7462.7,7347.6,33,27
2020-01-05 21:21:03.284000,7462.6,7347.5,33,27
2020-01-05 21:21:03.485000,7462.6,7347.6,33,27
2020-01-05 21:21:03.685000,7462.7,7347.6,33,27
2020-01-05 21:21:05.735000,7462.9,7347.8,33,27
2020-01-05 21:21:07.282000,7463.1,7348.0,33,27
2020-01-05 21:21:08.024000,7462.9,7347.8,33,27
2020-01-05 21:21:08.253000,7462.7,7347.6,33,27
2020-01-05 21:21:08.832000,7462.6,7347.5,33,27
2020-01-05 21:21:10.096000,7462.5,7347.4,33,27
2020-01-05 21:21:10.293000,7462.6,7347.5,33,27
2020-01-05 21:21:11.553000,7462.5,7347.5,33,27
2020-01-05 21:21:11.753000,7462.6,7347.5,33,27
2020-01-05 21:21:20.292000,7462.5,7347.5,33,27
2020-01-05 21:21:20.719000,7462.5,7347.4,33,27
2020-01-05 21:21:23.813000,7462.9,7347.8,33,27
2020-01-05 21:21:24.214000,7463.0,7347.9,33,27
2020-01-05 21:21:24.490000,7463.1,7348.0,33,27
2020-01-05 21:21:27.335000,7462.9,7347.9,33,27
2020-01-05 21:21:27.771000,7462.9,7347.8,33,27
2020-01-05 21:21:43.463000,7463.4,7348.3,33,27
2020-01-05 21:21:43.663000,7463.8,7348.7,33,27
2020-01-05 21:21:44.748000,7464.5,7349.4,33,27
2020-01-05 21:21:45.541000,7464.6,7349.6,33,27
2020-01-05 21:21:46.967000,7464.9,7349.8,33,27
2020-01-05 21:21:47.465000,7464.8,7349.7,33,27
2020-01-05 21:21:47.664000,7464.7,7349.6,33,27
2020-01-05 21:21:50.983000,7464.3,7349.2,33,27
2020-01-05 21:21:51.358000,7464.6,7349.5,33,27
2020-01-05 21:21:54.114000,7464.7,7349.6,33,27
2020-01-05 21:21:55.115000,7464.4,7349.3,33,27
2020-01-05 21:21:58.314000,7464.3,7349.3,33,27
2020-01-05 21:21:58.519000,7464.2,7349.1,33,27
2020-01-05 21:21:59.115000,7464.4,7349.3,33,27
2020-01-05 21:21:59.315000,7464.3,7349.3,33,27
2020-01-05 21:22:00.967000,7464.3,7349.2,33,27
2020-01-05 21:22:01.967000,7464.4,7349.3,33,27
2020-01-05 21:22:02.171000,7464.5,7349.4,33,27
2020-01-05 21:22:03.593000,7464.7,7349.6,33,27
2020-01-05 21:22:04.264000,7465.0,7349.9,33,27
2020-01-05 21:22:12.531000,7465.1,7350.0,33,27
2020-01-05 21:22:31.319000,7465.0,7349.9,33,27
2020-01-05 21:22:33.474000,7465.2,7350.1,33,27
2020-01-05 21:22:33.854000,7465.1,7350.1,33,27
2020-01-05 21:22:39.387000,7465.0,7349.9,33,27
2020-01-05 21:22:41.548000,7465.1,7350.0,33,27
2020-01-05 21:22:58.641000,7466.2,7351.1,33,27
2020-01-05 21:23:00.573000,7466.0,7350.9,33,27
2020-01-05 21:23:04.921000,7465.8,7350.8,33,27
2020-01-05 21:23:05.120000,7465.5,7350.4,33,27
2020-01-05 21:23:10.336000,7465.3,7350.3,33,27
2020-01-05 21:23:20.590000,7465.0,7349.9,33,27
2020-01-05 21:23:21.191000,7464.9,7349.8,33,27
2020-01-05 21:23:21.590000,7464.7,7349.7,33,27
2020-01-05 21:23:22.413000,7464.9,7349.8,33,27
2020-01-05 21:23:22.787000,7464.7,7349.7,33,27
2020-01-05 21:23:23.217000,7464.9,7349.8,33,27
2020-01-05 21:23:32.511000,7464.8,7349.7,33,27
2020-01-05 21:23:40.029000,7464.6,7349.5,33,27
2020-01-05 21:23:40.228000,7464.7,7349.6,33,27
2020-01-05 21:23:40.428000,7464.6,7349.5,33,27
2020-01-05 21:23:40.630000,7464.7,7349.6,33,27
2020-01-05 21:23:41.030000,7464.6,7349.6,33,27
2020-01-05 21:23:41.229000,7464.7,7349.7,33,27
2020-01-05 21:23:41.429000,7465.0,7349.9,33,27
2020-01-05 21:23:41.652000,7464.9,7349.8,33,27
2020-01-05 21:23:41.849000,7465.0,7349.9,33,27
2020-01-05 21:23:42.713000,7464.9,7349.8,33,27
2020-01-05 21:23:42.915000,7464.8,7349.7,33,27
2020-01-05 21:23:43.941000,7464.9,7349.8,33,27
2020-01-05 21:23:44.140000,7464.8,7349.7,33,27
2020-01-05 21:23:45.603000,7464.7,7349.7,33,27
2020-01-05 21:23:48.019000,7464.8,7349.7,33,27
2020-01-05 21:23:48.215000,7464.7,7349.7,33,27
2020-01-05 21:23:48.616000,7464.8,7349.7,33,27
2020-01-05 21:23:48.814000,7464.7,7349.6,33,27
2020-01-05 21:23:49.017000,7464.6,7349.5,33,27
2020-01-05 21:23:49.216000,7464.7,7349.6,33,27
2020-01-05 21:23:49.615000,7464.8,7349.7,33,27
2020-01-05 21:23:54.738000,7464.7,7349.7,33,27
2020-01-05 21:23:55.968000,7464.8,7349.7,33,27
2020-01-05 21:23:56.168000,7464.6,7349.5,33,27
2020-01-05 21:24:01.383000,7464.3,7349.2,33,27
2020-01-05 21:24:01.579000,7464.5,7349.4,33,27
2020-01-05 21:24:01.776000,7464.4,7349.3,33,27
2020-01-05 21:24:02.176000,7464.5,7349.4,33,27
2020-01-05 21:24:04.701000,7464.8,7349.7,33,27
2020-01-05 21:24:07.378000,7464.9,7349.8,33,27
2020-01-05 21:24:08.838000,7464.8,7349.8,33,27
2020-01-05 21:24:10.989000,7464.9,7349.8,33,27
2020-01-05 21:24:11.351000,7465.2,7350.1,33,27
2020-01-05 21:24:12.239000,7465.3,7350.2,33,27
2020-01-05 21:24:12.567000,7465.6,7350.5,33,27
2020-01-05 21:24:14.556000,7465.7,7350.6,33,27
2020-01-05 21:24:16.279000,7466.2,7351.1,33,27
2020-01-05 21:24:20.984000,7466.1,7351.0,33,27
2020-01-05 21:24:21.627000,7466.3,7351.2,33,27
2020-01-05 21:24:22.136000,7466.4,7351.3,33,27
2020-01-05 21:24:33.039000,7466.1,7351.0,33,27
2020-01-05 21:24:35.146000,7466.3,7351.2,33,27
2020-01-05 21:24:44.844000,7466.9,7351.8,33,27
2020-01-05 21:24:45.043000,7467.1,7352.1,33,27
2020-01-05 21:24:47.110000,7466.9,7351.8,33,27
2020-01-05 21:24:48.311000,7467.2,7352.1,33,27
2020-01-05 21:24:49.633000,7467.0,7351.9,33,27
2020-01-05 21:24:50.256000,7466.9,7351.9,33,27
2020-01-05 21:24:50.433000,7466.9,7351.8,33,27
2020-01-05 21:24:52.673000,7467.0,7351.9,33,27
2020-01-05 21:24:53.274000,7467.6,7352.5,33,27
2020-01-05 21:24:54.275000,7467.5,7352.4,33,27
2020-01-05 21:24:54.674000,7468.0,7352.9,33,27
2020-01-05 21:24:55.098000,7468.2,7353.1,33,27
2020-01-05 21:24:55.299000,7468.1,7353.0,33,27
2020-01-05 21:24:55.500000,7468.4,7353.3,33,27
2020-01-05 21:24:55.698000,7468.5,7353.4,33,27
2020-01-05 21:24:55.899000,7468.6,7353.5,33,27
2020-01-05 21:24:56.484000,7468.8,7353.7,33,27
2020-01-05 21:24:57.484000,7468.9,7353.8,33,27
2020-01-05 21:24:58.337000,7469.0,7353.9,33,27
2020-01-05 21:24:58.537000,7469.4,7354.3,33,27
2020-01-05 21:24:58.738000,7469.3,7354.2,33,27
2020-01-05 21:24:59.547000,7469.6,7354.5,33,27
2020-01-05 21:25:00.538000,7469.8,7354.7,33,27
2020-01-05 21:25:00.984000,7470.1,7355.0,33,27
2020-01-05 21:25:01.188000,7469.8,7354.7,33,27
2020-01-05 21:25:01.584000,7470.2,7355.1,33,27
2020-01-05 21:25:01.989000,7470.1,7355.0,33,27
2020-01-05 21:25:02.655000,7470.0,7354.9,33,27
2020-01-05 21:25:03.184000,7469.8,7354.7,33,27
2020-01-05 21:25:03.385000,7469.9,7354.8,33,27
2020-01-05 21:25:03.589000,7469.3,7354.2,33,27
2020-01-05 21:25:04.611000,7469.5,7354.4,33,27
2020-01-05 21:25:05.616000,7469.3,7354.2,33,27
2020-01-05 21:25:06.011000,7469.0,7353.9,33,27
2020-01-05 21:25:07.579000,7469.1,7354.0,33,27
2020-01-05 21:25:08.580000,7468.8,7353.7,33,27
2020-01-05 21:25:11.072000,7468.9,7353.8,33,27
2020-01-05 21:25:11.990000,7468.7,7353.6,33,27
2020-01-05 21:25:12.863000,7468.8,7353.7,33,27
2020-01-05 21:25:13.848000,7469.0,7353.9,33,27
2020-01-05 21:25:15.891000,7468.9,7353.8,33,27
2020-01-05 21:25:16.090000,7468.6,7353.5,33,27
2020-01-05 21:25:16.689000,7468.7,7353.6,33,27
2020-01-05 21:25:16.890000,7468.4,7353.3,33,27
2020-01-05 21:25:18.987000,7468.2,7353.1,33,27
2020-01-05 21:25:20.021000,7468.1,7353.0,33,27
2020-01-05 21:25:23.129000,7468.2,7353.1,33,27
2020-01-05 21:25:24.291000,7468.1,7353.0,33,27
2020-01-05 21:25:28.298000,7468.2,7353.1,33,27
2020-01-05 21:25:32.295000,7468.1,7353.0,33,27
2020-01-05 21:25:33.308000,7468.0,7352.9,33,27
2020-01-05 21:25:35.003000,7467.7,7352.6,33,27
2020-01-05 21:25:35.403000,7467.5,7352.4,33,27
2020-01-05 21:25:36.202000,7467.4,7352.3,33,27
2020-01-05 21:25:36.401000,7467.5,7352.5,33,27
2020-01-05 21:25:36.603000,7467.5,7352.4,33,27
2020-01-05 21:25:38.602000,7467.5,7352.5,33,27
2020-01-05 21:25:38.802000,7467.5,7352.4,33,27
2020-01-05 21:25:39.002000,7467.5,7352.5,33,27
2020-01-05 21:25:39.202000,7467.6,7352.5,33,27
2020-01-05 21:25:39.803000,7467.5,7352.4,33,27
2020-01-05 21:25:40.202000,7467.6,7352.5,33,27
2020-01-05 21:25:42.566000,7467.7,7352.7,33,27
2020-01-05 21:25:42.967000,7467.6,7352.5,33,27
2020-01-05 21:25:43.167000,7467.7,7352.7,33,27
2020-01-05 21:25:44.758000,7467.9,7352.8,33,27
2020-01-05 21:25:50.166000,7467.8,7352.7,33,27
2020-01-05 21:25:52.624000,7467.7,7352.6,33,27
2020-01-05 21:26:00.984000,7467.5,7352.4,33,27
2020-01-05 21:26:03.318000,7467.1,7352.0,33,27
2020-01-05 21:26:04.235000,7466.9,7351.8,33,27
2020-01-05 21:26:06.388000,7467.0,7351.9,33,27
2020-01-05 21:26:08.517000,7466.0,7350.9,33,27
2020-01-05 21:26:13.992000,7465.9,7350.8,33,27
2020-01-05 21:26:14.615000,7466.0,7350.9,33,27
2020-01-05 21:26:15.302000,7465.8,7350.7,33,27
2020-01-05 21:26:15.498000,7465.7,7350.6,33,27
2020-01-05 21:26:15.698000,7465.6,7350.6,33,27
2020-01-05 21:26:15.899000,7465.7,7350.6,33,27
2020-01-05 21:26:16.099000,7465.8,7350.7,33,27
2020-01-05 21:26:16.298000,7465.7,7350.6,33,27
2020-01-05 21:26:17.298000,7465.8,7350.7,33,27
2020-01-05 21:26:32.078000,7465.7,7350.7,33,27
2020-01-05 21:26:32.276000,7465.7,7350.6,33,27
2020-01-05 21:26:39.534000,7465.6,7350.5,33,27
2020-01-05 21:26:39.735000,7465.7,7350.6,33,27
2020-01-05 21:26:39.934000,7465.6,7350.5,33,27
2020-01-05 21:27:11.365000,7465.5,7350.5,33,27
2020-01-05 21:27:11.565000,7465.6,7350.5,33,27
2020-01-05 21:27:13.492000,7465.9,7350.8,33,27
2020-01-05 21:27:14.037000,7466.0,7350.9,33,27
2020-01-05 21:27:17.903000,7465.9,7350.8,33,27
2020-01-05 21:27:18.502000,7465.7,7350.6,33,27
2020-01-05 21:27:23.166000,7465.6,7350.5,33,27
2020-01-05 21:27:24.766000,7465.6,7350.6,33,27
2020-01-05 21:27:28.976000,7464.9,7349.8,33,27
2020-01-05 21:27:29.598000,7465.0,7349.9,33,27
2020-01-05 21:27:37.375000,7464.9,7349.9,33,27
2020-01-05 21:27:39.580000,7465.2,7350.1,33,27
2020-01-05 21:27:44.847000,7465.1,7350.1,33,27
2020-01-05 21:27:45.048000,7465.1,7350.0,33,27
2020-01-05 21:28:20.080000,7464.6,7349.5,33,27
2020-01-05 21:28:20.983000,7464.5,7349.4,33,27
2020-01-05 21:28:21.908000,7464.4,7349.4,33,27
2020-01-05 21:28:22.565000,7464.0,7348.9,33,27
2020-01-05 21:28:22.884000,7463.9,7348.8,33,27
2020-01-05 21:28:41.347000,7463.5,7348.4,33,27
2020-01-05 21:28:42.547000,7463.4,7348.3,33,27
2020-01-05 21:28:42.748000,7463.3,7348.2,33,27
2020-01-05 21:28:43.948000,7463.1,7348.0,33,27
2020-01-05 21:28:44.148000,7463.3,7348.3,33,27
2020-01-05 21:28:44.547000,7463.1,7348.0,33,27
2020-01-05 21:28:45.308000,7463.2,7348.1,33,27
2020-01-05 21:28:47.508000,7463.1,7348.1,33,27
2020-01-05 21:28:47.707000,7463.1,7348.0,33,27
2020-01-05 21:28:48.907000,7463.2,7348.1,33,27
2020-01-05 21:28:49.307000,7462.9,7347.8,33,27
2020-01-05 21:28:49.507000,7463.0,7347.9,33,27
2020-01-05 21:28:49.908000,7462.9,7347.9,33,27
2020-01-05 21:28:50.108000,7463.0,7347.9,33,27
2020-01-05 21:28:51.233000,7462.9,7347.9,33,27
2020-01-05 21:28:51.432000,7463.1,7348.0,33,27
2020-01-05 21:28:52.033000,7463.0,7347.9,33,27
2020-01-05 21:28:54.811000,7463.1,7348.0,33,27
2020-01-05 21:29:02.230000,7463.0,7348.0,33,27
2020-01-05 21:29:07.794000,7463.0,7347.9,33,27
2020-01-05 21:29:43.079000,7463.1,7348.0,33,27
2020-01-05 21:29:56.964000,7463.0,7347.9,33,27
2020-01-05 21:30:00.700000,7463.1,7348.0,33,27
2020-01-05 21:30:02.996000,7463.0,7347.9,33,27
2020-01-05 21:30:04.736000,7463.1,7348.0,33,27
2020-01-05 21:30:04.996000,7462.7,7347.6,33,27
2020-01-05 21:30:09.271000,7462.8,7347.7,33,27
2020-01-05 21:30:26.757000,7462.9,7347.8,33,27
2020-01-05 21:30:27.357000,7462.8,7347.7,33,27
2020-01-05 21:30:27.556000,7462.9,7347.8,33,27
2020-01-05 21:30:27.758000,7462.8,7347.7,33,27
2020-01-05 21:30:28.357000,7462.9,7347.8,33,27
2020-01-05 21:30:30.357000,7462.8,7347.7,33,27
2020-01-05 21:30:30.957000,7462.8,7347.8,33,27
2020-01-05 21:30:31.157000,7462.8,7347.7,33,27
2020-01-05 21:30:31.470000,7462.8,7347.8,33,27
2020-01-05 21:30:31.671000,7462.8,7347.7,33,27
2020-01-05 21:30:32.397000,7462.8,7347.8,33,27
2020-01-05 21:30:32.597000,7462.8,7347.7,33,27
2020-01-05 21:30:32.876000,7462.8,7347.8,33,27
2020-01-05 21:30:33.076000,7462.8,7347.7,33,27
2020-01-05 21:30:33.800000,7462.8,7347.8,33,27
2020-01-05 21:30:33.998000,7462.8,7347.7,33,27
2020-01-05 21:30:34.244000,7462.8,7347.8,33,27
2020-01-05 21:30:35.243000,7462.9,7347.8,33,27
2020-01-05 21:30:36.171000,7462.8,7347.7,33,27
2020-01-05 21:30:36.372000,7462.9,7347.8,33,27
2020-01-05 21:30:37.102000,7462.8,7347.7,33,27
2020-01-05 21:30:37.905000,7461.8,7346.7,33,27
2020-01-05 21:30:38.102000,7461.9,7346.8,33,27
2020-01-05 21:30:38.318000,7461.4,7346.3,33,27
2020-01-05 21:30:38.502000,7461.5,7346.4,33,27
2020-01-05 21:30:39.302000,7461.8,7346.7,33,27
2020-01-05 21:30:39.501000,7462.1,7347.0,33,27
2020-01-05 21:30:39.702000,7462.0,7346.9,33,27
2020-01-05 21:30:39.903000,7461.8,7346.7,33,27
2020-01-05 21:30:40.102000,7461.9,7346.8,33,27
2020-01-05 21:30:41.699000,7461.8,7346.7,33,27
2020-01-05 21:30:43.845000,7461.9,7346.8,33,27
2020-01-05 21:30:44.045000,7461.8,7346.7,33,27
2020-01-05 21:30:44.445000,7461.9,7346.8,33,27
2020-01-05 21:30:54.044000,7461.8,7346.7,33,27
2020-01-05 21:30:54.444000,7462.0,7346.9,33,27
2020-01-05 21:30:54.846000,7462.0,7347.0,33,27
2020-01-05 21:30:55.043000,7461.9,7346.8,33,27
2020-01-05 21:30:55.643000,7461.8,7346.7,33,27
2020-01-05 21:30:56.548000,7461.7,7346.6,33,27
2020-01-05 21:30:56.953000,7461.7,7346.7,33,27
2020-01-05 21:30:57.146000,7461.8,7346.7,33,27
2020-01-05 21:30:59.118000,7461.7,7346.6,33,27
2020-01-05 21:30:59.317000,7461.8,7346.7,33,27
2020-01-05 21:30:59.547000,7461.7,7346.6,33,27
2020-01-05 21:30:59.748000,7461.8,7346.7,33,27
2020-01-05 21:31:00.041000,7461.7,7346.6,33,27
2020-01-05 21:31:00.242000,7461.8,7346.7,33,27
2020-01-05 21:31:01.107000,7461.7,7346.7,33,27
2020-01-05 21:31:03.537000,7461.8,7346.7,33,27
2020-01-05 21:31:03.736000,7461.7,7346.7,33,27
2020-01-05 21:31:04.161000,7461.8,7346.7,33,27
2020-01-05 21:31:05.361000,7461.7,7346.7,33,27
2020-01-05 21:31:05.572000,7461.8,7346.7,33,27
2020-01-05 21:31:05.772000,7461.7,7346.7,33,27
2020-01-05 21:31:08.242000,7461.8,7346.7,33,27
2020-01-05 21:31:08.585000,7461.7,7346.7,33,27
2020-01-05 21:31:10.146000,7461.7,7346.6,33,27
2020-01-05 21:31:10.346000,7461.7,7346.7,33,27
2020-01-05 21:31:10.769000,7461.8,7346.7,33,27
2020-01-05 21:31:11.169000,7461.7,7346.6,33,27
2020-01-05 21:31:13.132000,7461.7,7346.7,33,27
2020-01-05 21:31:13.330000,7461.7,7346.6,33,27
2020-01-05 21:31:13.529000,7461.7,7346.7,33,27
2020-01-05 21:31:15.563000,7461.8,7346.7,33,27
2020-01-05 21:31:15.764000,7461.7,7346.7,33,27
2020-01-05 21:31:19.618000,7461.6,7346.6,33,27
2020-01-05 21:31:19.816000,7461.7,7346.6,33,27
2020-01-05 21:31:23.239000,7461.6,7346.5,33,27
2020-01-05 21:31:23.698000,7460.8,7345.7,33,27
2020-01-05 21:31:24.168000,7460.6,7345.5,33,27
2020-01-05 21:31:24.368000,7460.2,7345.1,33,27
2020-01-05 21:31:24.567000,7460.0,7344.9,33,27
2020-01-05 21:31:24.767000,7459.7,7344.6,33,27
2020-01-05 21:31:25.166000,7459.3,7344.3,33,27
2020-01-05 21:31:25.370000,7458.9,7343.8,33,27
2020-01-05 21:31:25.567000,7458.3,7343.2,33,27
2020-01-05 21:31:25.968000,7457.9,7342.8,33,27
2020-01-05 21:31:26.182000,7457.9,7342.9,33,27
2020-01-05 21:31:26.382000,7457.9,7342.8,33,27
2020-01-05 21:31:26.583000,7457.7,7342.6,33,27
2020-01-05 21:31:26.782000,7456.8,7341.7,33,27
2020-01-05 21:31:26.983000,7456.7,7341.6,33,27
2020-01-05 21:31:27.183000,7456.5,7341.4,33,27
2020-01-05 21:31:27.688000,7456.3,7341.2,33,27
2020-01-05 21:31:28.514000,7455.9,7340.8,33,27
2020-01-05 21:31:28.914000,7453.2,7338.1,33,27
2020-01-05 21:31:29.313000,7452.9,7337.8,33,27
2020-01-05 21:31:29.513000,7451.3,7336.3,33,27
2020-01-05 21:31:29.747000,7449.9,7334.8,33,27
2020-01-05 21:31:29.946000,7450.3,7335.2,33,27
2020-01-05 21:31:30.256000,7451.8,7336.7,33,27
2020-01-05 21:31:30.703000,7451.4,7336.3,33,27
2020-01-05 21:31:30.903000,7451.5,7336.4,33,27
2020-01-05 21:31:31.447000,7449.9,7334.8,33,27
2020-01-05 21:31:31.776000,7449.6,7334.6,33,27
2020-01-05 21:31:31.976000,7450.1,7335.0,33,27
2020-01-05 21:31:32.376000,7448.9,7333.8,33,27
2020-01-05 21:31:32.753000,7449.5,7334.4,33,27
2020-01-05 21:31:33.158000,7450.8,7335.7,33,27
2020-01-05 21:31:33.623000,7449.7,7334.6,33,27
2020-01-05 21:31:33.880000,7449.8,7334.7,33,27
2020-01-05 21:31:34.460000,7448.3,7333.2,33,27
2020-01-05 21:31:34.885000,7448.1,7333.0,33,27
2020-01-05 21:31:35.251000,7448.4,7333.3,33,27
2020-01-05 21:31:35.606000,7448.6,7333.5,33,27
2020-01-05 21:31:35.895000,7448.5,7333.5,33,27
2020-01-05 21:31:36.091000,7448.8,7333.7,33,27
2020-01-05 21:31:36.409000,7448.5,7333.4,33,27
2020-01-05 21:31:37.672000,7447.9,7332.8,33,27
2020-01-05 21:31:37.929000,7448.0,7332.9,33,27
2020-01-05 21:31:38.129000,7445.8,7330.7,33,27
2020-01-05 21:31:38.528000,7446.2,7331.2,33,27
2020-01-05 21:31:39.129000,7445.9,7330.8,33,27
2020-01-05 21:31:39.329000,7445.7,7330.6,33,27
2020-01-05 21:31:40.042000,7446.2,7331.1,33,27
2020-01-05 21:31:40.360000,7446.1,7331.0,33,27
2020-01-05 21:31:40.561000,7445.7,7330.6,33,27
2020-01-05 21:31:40.956000,7444.7,7329.6,33,27
2020-01-05 21:31:41.357000,7444.6,7329.5,33,27
2020-01-05 21:31:42.099000,7444.7,7329.6,33,27
2020-01-05 21:31:43.224000,7444.6,7329.6,33,27
2020-01-05 21:31:45.392000,7443.2,7328.1,33,27
2020-01-05 21:31:45.918000,7442.5,7327.4,33,27
2020-01-05 21:31:46.261000,7443.1,7328.0,33,27
2020-01-05 21:31:46.513000,7443.6,7328.5,33,27
2020-01-05 21:31:46.734000,7443.7,7328.6,33,27
2020-01-05 21:31:47.113000,7443.2,7328.1,33,27
2020-01-05 21:31:47.516000,7443.5,7328.4,33,27
2020-01-05 21:31:47.939000,7443.0,7328.0,33,27
2020-01-05 21:31:48.450000,7443.0,7327.9,33,27
2020-01-05 21:31:48.665000,7442.8,7327.7,33,27
2020-01-05 21:31:48.871000,7441.5,7326.4,33,27
2020-01-05 21:31:49.288000,7441.6,7326.5,33,27
2020-01-05 21:31:49.689000,7441.4,7326.3,33,27
2020-01-05 21:31:49.889000,7441.1,7326.1,33,27
2020-01-05 21:31:50.089000,7441.2,7326.1,33,27
2020-01-05 21:31:50.288000,7441.0,7325.9,33,27
2020-01-05 21:31:50.488000,7439.2,7324.1,33,27
2020-01-05 21:31:50.689000,7439.2,7324.2,33,27
2020-01-05 21:31:50.888000,7439.5,7324.4,33,27
2020-01-05 21:31:51.288000,7439.2,7324.1,33,27
2020-01-05 21:31:53.348000,7438.4,7323.3,33,27
2020-01-05 21:31:58.720000,7438.2,7323.1,33,27
2020-01-05 21:31:59.121000,7438.5,7323.4,33,27
2020-01-05 21:31:59.986000,7439.1,7324.0,33,27
2020-01-05 21:32:00.348000,7440.4,7325.3,33,27
2020-01-05 21:32:00.546000,7439.9,7324.8,33,27
2020-01-05 21:32:00.948000,7439.8,7324.7,33,27
2020-01-05 21:32:01.346000,7440.1,7325.0,33,27
2020-01-05 21:32:01.548000,7439.9,7324.8,33,27
2020-01-05 21:32:01.749000,7440.0,7324.9,33,27
2020-01-05 21:32:01.948000,7439.6,7324.5,33,27
2020-01-05 21:32:02.148000,7439.2,7324.1,33,27
2020-01-05 21:32:02.548000,7439.1,7324.0,33,27
2020-01-05 21:32:02.747000,7439.3,7324.2,33,27
2020-01-05 21:32:02.952000,7439.2,7324.1,33,27
2020-01-05 21:32:03.554000,7439.9,7324.8,33,27
2020-01-05 21:32:03.948000,7439.8,7324.7,33,27
2020-01-05 21:32:04.163000,7439.9,7324.8,33,27
2020-01-05 21:32:04.363000,7440.9,7325.8,33,27
2020-01-05 21:32:04.563000,7441.1,7326.0,33,27
2020-01-05 21:32:04.763000,7442.1,7327.0,33,27
2020-01-05 21:32:05.068000,7441.5,7326.4,33,27
2020-01-05 21:32:05.453000,7441.3,7326.2,33,27
2020-01-05 21:32:05.900000,7442.1,7327.0,33,27
2020-01-05 21:32:06.288000,7440.0,7324.9,33,27
2020-01-05 21:32:06.775000,7441.0,7325.9,33,27
2020-01-05 21:32:07.171000,7441.2,7326.1,33,27
2020-01-05 21:32:07.568000,7440.0,7324.9,33,27
2020-01-05 21:32:07.949000,7441.0,7325.9,33,27
2020-01-05 21:32:08.144000,7440.8,7325.7,33,27
2020-01-05 21:32:08.549000,7440.3,7325.2,33,27
2020-01-05 21:32:08.950000,7439.8,7324.7,33,27
2020-01-05 21:32:09.146000,7439.8,7324.8,33,27
2020-01-05 21:32:09.546000,7440.1,7325.1,33,27
2020-01-05 21:32:10.194000,7440.4,7325.3,33,27
2020-01-05 21:32:10.593000,7441.4,7326.3,33,27
2020-01-05 21:32:11.254000,7440.9,7325.9,33,27
2020-01-05 21:32:11.859000,7440.9,7325.8,33,27
2020-01-05 21:32:12.254000,7440.9,7325.9,33,27
2020-01-05 21:32:13.924000,7440.9,7325.8,33,27
2020-01-05 21:32:14.326000,7440.9,7325.9,33,27
2020-01-05 21:32:14.586000,7441.0,7325.9,33,27
2020-01-05 21:32:14.785000,7440.7,7325.6,33,27
2020-01-05 21:32:15.093000,7440.5,7325.4,33,27
2020-01-05 21:32:15.494000,7440.7,7325.6,33,27
2020-01-05 21:32:16.400000,7441.0,7325.9,33,27
2020-01-05 21:32:16.800000,7440.6,7325.5,33,27
2020-01-05 21:32:16.999000,7440.7,7325.6,33,27
2020-01-05 21:32:19.518000,7441.0,7325.9,33,27
2020-01-05 21:32:20.051000,7441.1,7326.0,33,27
2020-01-05 21:32:20.250000,7440.7,7325.6,33,27
2020-01-05 21:32:20.481000,7440.9,7325.8,33,27
2020-01-05 21:32:20.987000,7440.8,7325.8,33,27
2020-01-05 21:32:21.304000,7441.2,7326.1,33,27
2020-01-05 21:32:21.502000,7440.8,7325.8,33,27
2020-01-05 21:32:21.732000,7441.0,7325.9,33,27
2020-01-05 21:32:22.187000,7441.4,7326.3,33,27
2020-01-05 21:32:22.412000,7441.0,7325.9,33,27
2020-01-05 21:32:23.013000,7440.6,7325.6,33,27
2020-01-05 21:32:23.214000,7440.7,7325.6,33,27
2020-01-05 21:32:24.807000,7440.8,7325.7,33,27
2020-01-05 21:32:25.724000,7441.3,7326.2,33,27
2020-01-05 21:32:26.323000,7440.8,7325.7,33,27
2020-01-05 21:32:26.525000,7440.2,7325.1,33,27
2020-01-05 21:32:27.123000,7440.1,7325.1,33,27
2020-01-05 21:32:27.323000,7440.3,7325.2,33,27
2020-01-05 21:32:27.523000,7440.1,7325.1,33,27
2020-01-05 21:32:27.924000,7440.2,7325.1,33,27
2020-01-05 21:32:28.123000,7439.9,7324.8,33,27
2020-01-05 21:32:28.824000,7440.1,7325.0,33,27
2020-01-05 21:32:29.023000,7439.9,7324.8,33,27
2020-01-05 21:32:29.222000,7440.1,7325.0,33,27
2020-01-05 21:32:29.613000,7440.6,7325.5,33,27
2020-01-05 21:32:30.073000,7440.1,7325.0,33,27
2020-01-05 21:32:32.200000,7439.5,7324.4,33,27
2020-01-05 21:32:33.001000,7439.3,7324.2,33,27
2020-01-05 21:32:33.200000,7439.5,7324.4,33,27
2020-01-05 21:32:33.599000,7439.3,7324.2,33,27
2020-01-05 21:32:34.640000,7439.5,7324.4,33,27
2020-01-05 21:32:34.841000,7440.1,7325.0,33,27
2020-01-05 21:32:36.391000,7439.9,7324.8,33,27
2020-01-05 21:32:38.988000,7440.1,7325.0,33,27
2020-01-05 21:32:39.188000,7440.6,7325.5,33,27
2020-01-05 21:32:39.588000,7440.7,7325.7,33,27
2020-01-05 21:32:40.498000,7440.4,7325.3,33,27
2020-01-05 21:32:41.833000,7440.3,7325.2,33,27
2020-01-05 21:32:42.843000,7440.7,7325.6,33,27
2020-01-05 21:32:43.327000,7440.3,7325.2,33,27
2020-01-05 21:32:43.550000,7440.4,7325.3,33,27
2020-01-05 21:32:44.545000,7440.3,7325.2,33,27
2020-01-05 21:32:45.397000,7439.0,7324.0,33,27
2020-01-05 21:32:45.896000,7439.0,7323.9,33,27
2020-01-05 21:32:47.049000,7438.8,7323.7,33,27
2020-01-05 21:32:47.841000,7438.6,7323.5,33,27
2020-01-05 21:32:48.721000,7439.0,7323.9,33,27
2020-01-05 21:32:49.196000,7438.8,7323.8,33,27
2020-01-05 21:32:49.547000,7438.8,7323.7,33,27
2020-01-05 21:32:50.054000,7438.2,7323.2,33,27
2020-01-05 21:32:50.451000,7438.1,7323.0,33,27
2020-01-05 21:32:50.988000,7438.0,7322.9,33,27
2020-01-05 21:32:51.772000,7437.9,7322.9,33,27
2020-01-05 21:32:53.298000,7437.8,7322.7,33,27
2020-01-05 21:32:53.498000,7437.7,7322.6,33,27
2020-01-05 21:32:53.768000,7437.3,7322.2,33,27
2020-01-05 21:32:54.185000,7436.4,7321.3,33,27
2020-01-05 21:32:54.385000,7435.9,7320.8,33,27
2020-01-05 21:32:55.322000,7435.7,7320.6,33,27
2020-01-05 21:32:55.522000,7435.3,7320.2,33,27
2020-01-05 21:32:55.723000,7435.2,7320.1,33,27
2020-01-05 21:32:56.321000,7434.3,7319.3,33,27
2020-01-05 21:32:56.521000,7433.3,7318.2,33,27
2020-01-05 21:32:56.721000,7433.5,7318.4,33,27
2020-01-05 21:32:57.161000,7434.0,7318.9,33,27
2020-01-05 21:32:57.359000,7432.9,7317.8,33,27
2020-01-05 21:32:57.566000,7432.8,7317.7,33,27
2020-01-05 21:32:57.775000,7432.4,7317.3,33,27
2020-01-05 21:32:57.975000,7432.3,7317.2,33,27
2020-01-05 21:32:58.167000,7432.0,7316.9,33,27
2020-01-05 21:32:58.365000,7430.9,7315.8,33,27
2020-01-05 21:32:58.566000,7430.8,7315.7,33,27
2020-01-05 21:32:58.892000,7430.7,7315.6,33,27
2020-01-05 21:32:59.092000,7429.7,7314.6,33,27
2020-01-05 21:32:59.328000,7429.3,7314.2,33,27
2020-01-05 21:32:59.571000,7426.5,7311.4,33,27
2020-01-05 21:33:00.053000,7426.7,7311.7,33,27
2020-01-05 21:33:00.335000,7426.7,7311.6,33,27
2020-01-05 21:33:00.534000,7426.4,7311.3,33,27
2020-01-05 21:33:00.984000,7427.2,7312.1,33,27
2020-01-05 21:33:01.216000,7426.4,7311.3,33,27
2020-01-05 21:33:01.417000,7425.6,7310.5,33,27
2020-01-05 21:33:02.237000,7426.0,7310.9,33,27
2020-01-05 21:33:02.437000,7426.1,7311.0,33,27
2020-01-05 21:33:02.837000,7425.9,7310.8,33,27
2020-01-05 21:33:03.037000,7425.8,7310.7,33,27
2020-01-05 21:33:03.351000,7425.1,7310.0,33,27
2020-01-05 21:33:04.590000,7425.6,7310.5,33,27
2020-01-05 21:33:05.493000,7425.7,7310.6,33,27
2020-01-05 21:33:06.229000,7425.8,7310.7,33,27
2020-01-05 21:33:06.649000,7425.9,7310.9,33,27
2020-01-05 21:33:08.702000,7426.0,7310.9,33,27
2020-01-05 21:33:09.257000,7426.1,7311.0,33,27
2020-01-05 21:33:10.590000,7426.5,7311.4,33,27
2020-01-05 21:33:10.790000,7426.4,7311.3,33,27
2020-01-05 21:33:10.990000,7428.0,7312.9,33,27
2020-01-05 21:33:11.358000,7428.1,7313.0,33,27
2020-01-05 21:33:11.620000,7427.6,7312.5,33,27
2020-01-05 21:33:12.634000,7427.7,7312.6,33,27
2020-01-05 21:33:12.830000,7427.8,7312.7,33,27
2020-01-05 21:33:13.104000,7428.1,7313.0,33,27
2020-01-05 21:33:13.549000,7428.4,7313.3,33,27
2020-01-05 21:33:13.866000,7428.9,7313.8,33,27
2020-01-05 21:33:14.100000,7428.7,7313.6,33,27
2020-01-05 21:33:14.412000,7429.3,7314.2,33,27
2020-01-05 21:33:14.918000,7428.0,7312.9,33,27
2020-01-05 21:33:15.234000,7428.3,7313.2,33,27
2020-01-05 21:33:15.631000,7428.4,7313.3,33,27
2020-01-05 21:33:16.232000,7428.3,7313.3,33,27
2020-01-05 21:33:16.439000,7428.3,7313.2,33,27
2020-01-05 21:33:16.632000,7429.1,7314.0,33,27
2020-01-05 21:33:16.837000,7429.5,7314.4,33,27
2020-01-05 21:33:17.037000,7429.3,7314.2,33,27
2020-01-05 21:33:17.238000,7429.3,7314.3,33,27
2020-01-05 21:33:17.435000,7429.7,7314.6,33,27
2020-01-05 21:33:17.775000,7429.5,7314.4,33,27
2020-01-05 21:33:18.181000,7430.2,7315.1,33,27
2020-01-05 21:33:18.629000,7429.8,7314.7,33,27
2020-01-05 21:33:18.992000,7429.6,7314.5,33,27
2020-01-05 21:33:19.192000,7430.1,7315.0,33,27
2020-01-05 21:33:19.433000,7429.9,7314.8,33,27
2020-01-05 21:33:19.777000,7430.1,7315.0,33,27
2020-01-05 21:33:20.645000,7429.1,7314.0,33,27
2020-01-05 21:33:21.045000,7429.2,7314.2,33,27
2020-01-05 21:33:21.393000,7428.2,7313.1,33,27
2020-01-05 21:33:21.915000,7427.7,7312.6,33,27
2020-01-05 21:33:22.110000,7427.8,7312.7,33,27
2020-01-05 21:33:22.726000,7428.2,7313.1,33,27
2020-01-05 21:33:23.064000,7428.1,7313.0,33,27
2020-01-05 21:33:23.262000,7428.2,7313.1,33,27
2020-01-05 21:33:23.543000,7428.1,7313.0,33,27
2020-01-05 21:33:23.742000,7428.0,7312.9,33,27
2020-01-05 21:33:24.163000,7428.1,7313.0,33,27
2020-01-05 21:33:24.362000,7428.0,7312.9,33,27
2020-01-05 21:33:25.921000,7427.7,7312.6,33,27
2020-01-05 21:33:26.320000,7428.0,7312.9,33,27
2020-01-05 21:33:26.910000,7428.1,7313.0,33,27
2020-01-05 21:33:27.365000,7428.5,7313.4,33,27
2020-01-05 21:33:27.806000,7428.8,7313.7,33,27
2020-01-05 21:33:28.005000,7429.2,7314.1,33,27
2020-01-05 21:33:28.206000,7430.1,7315.1,33,27
2020-01-05 21:33:28.604000,7430.7,7315.6,33,27
2020-01-05 21:33:29.020000,7431.1,7316.0,33,27
2020-01-05 21:33:29.219000,7432.0,7316.9,33,27
2020-01-05 21:33:29.419000,7432.6,7317.5,33,27
2020-01-05 21:33:29.787000,7432.8,7317.7,33,27
2020-01-05 21:33:30.367000,7432.3,7317.2,33,27
2020-01-05 21:33:33.552000,7432.6,7317.5,33,27
2020-01-05 21:33:34.175000,7433.3,7318.2,33,27
2020-01-05 21:33:34.376000,7433.7,7318.6,33,27
2020-01-05 21:33:35.983000,7433.9,7318.8,33,27
2020-01-05 21:33:36.434000,7434.2,7319.1,33,27
2020-01-05 21:33:37.120000,7434.3,7319.2,33,27
2020-01-05 21:33:40.239000,7434.7,7319.6,33,27
2020-01-05 21:33:40.595000,7434.0,7318.9,33,27
2020-01-05 21:33:40.994000,7434.7,7319.6,33,27
2020-01-05 21:33:41.195000,7433.1,7318.0,33,27
2020-01-05 21:33:42.260000,7433.7,7318.6,33,27
2020-01-05 21:33:42.663000,7433.4,7318.4,33,27
2020-01-05 21:33:43.001000,7433.2,7318.1,33,27
2020-01-05 21:33:43.472000,7433.1,7318.0,33,27
2020-01-05 21:33:44.265000,7433.4,7318.3,33,27
2020-01-05 21:33:47.704000,7433.5,7318.4,33,27
2020-01-05 21:33:49.447000,7434.2,7319.2,33,27
2020-01-05 21:33:50.211000,7434.7,7319.6,33,27
2020-01-05 21:33:50.410000,7435.0,7319.9,33,27
2020-01-05 21:33:50.608000,7435.1,7320.0,33,27
2020-01-05 21:33:51.913000,7435.8,7320.7,33,27
2020-01-05 21:33:52.115000,7436.0,7320.9,33,27
2020-01-05 21:33:52.531000,7435.9,7320.9,33,27
2020-01-05 21:33:52.737000,7436.2,7321.1,33,27
2020-01-05 21:33:53.529000,7435.9,7320.8,33,27
2020-01-05 21:33:53.929000,7436.4,7321.3,33,27
2020-01-05 21:33:54.301000,7435.9,7320.9,33,27
2020-01-05 21:33:54.500000,7437.4,7322.3,33,27
2020-01-05 21:33:54.753000,7437.8,7322.7,33,27
2020-01-05 21:33:57.415000,7438.7,7323.6,33,27
2020-01-05 21:33:57.641000,7439.2,7324.1,33,27
2020-01-05 21:33:58.259000,7438.7,7323.6,33,27
2020-01-05 21:34:00.563000,7438.4,7323.4,33,27
2020-01-05 21:34:01.523000,7440.1,7325.0,33,27
2020-01-05 21:34:03.533000,7439.9,7324.8,33,27
2020-01-05 21:34:05.208000,7440.2,7325.1,33,27
2020-01-05 21:34:05.555000,7439.9,7324.8,33,27
2020-01-05 21:34:09.158000,7439.2,7324.1,33,27
2020-01-05 21:34:09.356000,7439.0,7323.9,33,27
2020-01-05 21:34:13.124000,7439.2,7324.1,33,27
2020-01-05 21:34:13.325000,7439.7,7324.6,33,27
2020-01-05 21:34:16.500000,7439.2,7324.1,33,27
2020-01-05 21:34:16.700000,7439.1,7324.0,33,27
2020-01-05 21:34:16.899000,7439.0,7323.9,33,27
2020-01-05 21:34:17.527000,7438.9,7323.8,33,27
2020-01-05 21:34:18.432000,7438.6,7323.5,33,27
2020-01-05 21:34:18.700000,7438.7,7323.6,33,27
2020-01-05 21:34:19.099000,7438.6,7323.5,33,27
2020-01-05 21:34:19.700000,7438.3,7323.3,33,27
2020-01-05 21:34:19.899000,7438.7,7323.6,33,27
2020-01-05 21:34:20.100000,7438.4,7323.4,33,27
2020-01-05 21:34:20.299000,7438.8,7323.7,33,27
2020-01-05 21:34:20.499000,7438.7,7323.6,33,27
2020-01-05 21:34:20.899000,7439.1,7324.0,33,27
2020-01-05 21:34:21.723000,7439.2,7324.1,33,27
2020-01-05 21:34:22.271000,7439.1,7324.1,33,27
2020-01-05 21:34:22.471000,7439.5,7324.4,33,27
2020-01-05 21:34:22.871000,7439.3,7324.2,33,27
2020-01-05 21:34:23.271000,7439.4,7324.3,33,27
2020-01-05 21:34:23.470000,7440.7,7325.7,33,27
2020-01-05 21:34:23.670000,7440.7,7325.6,33,27
2020-01-05 21:34:24.069000,7440.8,7325.7,33,27
2020-01-05 21:34:24.270000,7440.7,7325.6,33,27
2020-01-05 21:34:24.471000,7440.8,7325.7,33,27
2020-01-05 21:34:25.671000,7441.0,7325.9,33,27
2020-01-05 21:34:25.871000,7440.8,7325.7,33,27
2020-01-05 21:34:26.071000,7440.9,7325.9,33,27
2020-01-05 21:34:26.276000,7441.0,7325.9,33,27
2020-01-05 21:34:26.473000,7440.9,7325.8,33,27
2020-01-05 21:34:27.874000,7440.9,7325.9,33,27
2020-01-05 21:34:28.242000,7441.5,7326.4,33,27
2020-01-05 21:34:28.441000,7441.6,7326.5,33,27
2020-01-05 21:34:28.661000,7441.7,7326.7,33,27
2020-01-05 21:34:29.067000,7441.1,7326.0,33,27
2020-01-05 21:34:29.652000,7441.2,7326.1,33,27
2020-01-05 21:34:29.852000,7441.1,7326.0,33,27
2020-01-05 21:34:30.050000,7441.8,7326.7,33,27
2020-01-05 21:34:30.552000,7441.1,7326.1,33,27
2020-01-05 21:34:31.537000,7442.3,7327.2,33,27
2020-01-05 21:34:31.835000,7442.2,7327.2,33,27
2020-01-05 21:34:32.583000,7442.3,7327.2,33,27
2020-01-05 21:34:33.640000,7442.1,7327.0,33,27
2020-01-05 21:34:36.175000,7441.9,7326.8,33,27
2020-01-05 21:34:36.533000,7442.1,7327.0,33,27
2020-01-05 21:34:36.932000,7441.9,7326.8,33,27
2020-01-05 21:34:37.150000,7442.1,7327.0,33,27
2020-01-05 21:34:38.162000,7441.9,7326.8,33,27
2020-01-05 21:34:38.583000,7442.1,7327.0,33,27
2020-01-05 21:34:38.968000,7442.0,7326.9,33,27
2020-01-05 21:34:39.168000,7441.9,7326.8,33,27
2020-01-05 21:34:40.640000,7442.6,7327.5,33,27
2020-01-05 21:34:42.708000,7442.5,7327.4,33,27
2020-01-05 21:34:43.414000,7442.9,7327.8,33,27
2020-01-05 21:34:44.422000,7442.3,7327.2,33,27
2020-01-05 21:34:45.656000,7442.6,7327.5,33,27
2020-01-05 21:34:45.998000,7442.3,7327.2,33,27
2020-01-05 21:34:46.452000,7442.2,7327.1,33,27
2020-01-05 21:34:50.464000,7442.7,7327.6,33,27
2020-01-05 21:34:51.267000,7442.3,7327.2,33,27
2020-01-05 21:34:52.671000,7442.6,7327.5,33,27
2020-01-05 21:34:52.872000,7442.7,7327.6,33,27
2020-01-05 21:34:53.191000,7442.5,7327.4,33,27
2020-01-05 21:34:53.735000,7442.4,7327.3,33,27
2020-01-05 21:34:53.935000,7442.9,7327.9,33,27
2020-01-05 21:34:54.788000,7443.0,7327.9,33,27
2020-01-05 21:34:57.769000,7442.7,7327.6,33,27
2020-01-05 21:34:58.778000,7442.8,7327.7,33,27
2020-01-05 21:34:59.776000,7443.0,7327.9,33,27
2020-01-05 21:35:00.178000,7442.8,7327.7,33,27
2020-01-05 21:35:00.576000,7442.7,7327.6,33,27
2020-01-05 21:35:01.785000,7442.9,7327.8,33,27
2020-01-05 21:35:02.860000,7442.7,7327.6,33,27
2020-01-05 21:35:03.060000,7444.1,7329.0,33,27
2020-01-05 21:35:03.577000,7443.8,7328.7,33,27
2020-01-05 21:35:04.873000,7443.5,7328.4,33,27
2020-01-05 21:35:05.549000,7443.4,7328.3,33,27
2020-01-05 21:35:06.185000,7443.4,7328.4,33,27
2020-01-05 21:35:07.131000,7443.4,7328.3,33,27
2020-01-05 21:35:07.332000,7443.3,7328.3,33,27
2020-01-05 21:35:08.189000,7443.4,7328.3,33,27
2020-01-05 21:35:09.427000,7443.5,7328.4,33,27
2020-01-05 21:35:10.032000,7442.2,7327.1,33,27
2020-01-05 21:35:10.511000,7442.1,7327.0,33,27
2020-01-05 21:35:11.250000,7442.0,7326.9,33,27
2020-01-05 21:35:11.535000,7442.1,7327.0,33,27
2020-01-05 21:35:12.165000,7442.2,7327.1,33,27
2020-01-05 21:35:12.567000,7442.1,7327.0,33,27
2020-01-05 21:35:13.435000,7442.0,7326.9,33,27
2020-01-05 21:35:14.279000,7442.2,7327.1,33,27
2020-01-05 21:35:14.474000,7441.7,7326.6,33,27
2020-01-05 21:35:14.675000,7441.6,7326.5,33,27
2020-01-05 21:35:15.841000,7441.2,7326.1,33,27
2020-01-05 21:35:17.204000,7441.0,7325.9,33,27
2020-01-05 21:35:19.185000,7441.2,7326.1,33,27
2020-01-05 21:35:20.986000,7441.1,7326.0,33,27
2020-01-05 21:35:37.747000,7441.0,7325.9,33,27
2020-01-05 21:35:40.767000,7441.1,7326.0,33,27
2020-01-05 21:35:41.115000,7441.4,7326.3,33,27
2020-01-05 21:35:45.254000,7441.7,7326.6,33,27
2020-01-05 21:35:45.457000,7442.1,7327.0,33,27
2020-01-05 21:35:45.661000,7441.9,7326.8,33,27
2020-01-05 21:35:45.855000,7442.4,7327.3,33,27
2020-01-05 21:35:46.255000,7442.1,7327.0,33,27
2020-01-05 21:35:46.457000,7442.2,7327.1,33,27
2020-01-05 21:35:46.656000,7442.3,7327.2,33,27
2020-01-05 21:35:46.855000,7442.2,7327.2,33,27
2020-01-05 21:35:47.055000,7442.3,7327.2,33,27
2020-01-05 21:35:48.656000,7442.4,7327.3,33,27
2020-01-05 21:35:48.854000,7442.3,7327.2,33,27
2020-01-05 21:35:49.056000,7442.4,7327.3,33,27
2020-01-05 21:35:49.255000,7442.3,7327.2,33,27
2020-01-05 21:35:49.455000,7442.4,7327.3,33,27
2020-01-05 21:35:50.055000,7442.3,7327.2,33,27
2020-01-05 21:35:52.145000,7441.6,7326.5,33,27
2020-01-05 21:35:53.031000,7441.3,7326.2,33,27
2020-01-05 21:35:53.239000,7441.5,7326.5,33,27
2020-01-05 21:35:53.430000,7441.6,7326.5,33,27
2020-01-05 21:35:53.630000,7441.5,7326.5,33,27
2020-01-05 21:35:54.340000,7441.6,7326.5,33,27
2020-01-05 21:35:57.186000,7441.5,7326.4,33,27
2020-01-05 21:35:58.390000,7441.3,7326.2,33,27
2020-01-05 21:35:58.590000,7441.2,7326.1,33,27
2020-01-05 21:35:59.456000,7441.1,7326.0,33,27
2020-01-05 21:36:00.460000,7440.6,7325.5,33,27
2020-01-05 21:36:07.018000,7440.9,7325.8,33,27
2020-01-05 21:36:07.242000,7441.3,7326.2,33,27
2020-01-05 21:36:07.440000,7441.6,7326.6,33,27
2020-01-05 21:36:07.842000,7441.6,7326.5,33,27
2020-01-05 21:36:08.641000,7441.5,7326.4,33,27
2020-01-05 21:36:09.040000,7441.4,7326.3,33,27
2020-01-05 21:36:09.641000,7440.9,7325.8,33,27
2020-01-05 21:36:11.091000,7441.2,7326.1,33,27
2020-01-05 21:36:11.375000,7441.4,7326.3,33,27
2020-01-05 21:36:11.775000,7441.6,7326.5,33,27
2020-01-05 21:36:19.904000,7441.3,7326.2,33,27
2020-01-05 21:36:21.407000,7441.6,7326.5,33,27
2020-01-05 21:36:25.446000,7441.3,7326.2,33,27
2020-01-05 21:36:26.665000,7441.5,7326.4,33,27
2020-01-05 21:36:26.866000,7441.3,7326.2,33,27
2020-01-05 21:36:31.715000,7441.5,7326.4,33,27
2020-01-05 21:36:31.914000,7441.6,7326.5,33,27
2020-01-05 21:36:39.958000,7441.1,7326.0,33,27
2020-01-05 21:36:40.467000,7441.0,7325.9,33,27
2020-01-05 21:36:41.268000,7440.9,7325.9,33,27
2020-01-05 21:36:41.468000,7441.2,7326.1,33,27
2020-01-05 21:36:42.153000,7441.3,7326.2,33,27
2020-01-05 21:36:47.561000,7441.4,7326.4,33,27
2020-01-05 21:36:48.052000,7441.4,7326.3,33,27
2020-01-05 21:36:48.161000,7441.3,7326.2,33,27
2020-01-05 21:36:48.365000,7441.1,7326.0,33,27
2020-01-05 21:36:49.012000,7441.3,7326.3,33,27
2020-01-05 21:36:49.214000,7441.3,7326.2,33,27
2020-01-05 21:36:50.025000,7441.4,7326.3,33,27
2020-01-05 21:36:50.225000,7441.3,7326.2,33,27
2020-01-05 21:36:50.625000,7441.4,7326.3,33,27
2020-01-05 21:36:50.827000,7441.3,7326.2,33,27
2020-01-05 21:36:51.701000,7441.4,7326.3,33,27
2020-01-05 21:36:51.902000,7441.3,7326.2,33,27
2020-01-05 21:36:53.304000,7441.2,7326.1,33,27
2020-01-05 21:36:55.511000,7441.3,7326.2,33,27
2020-01-05 21:36:59.739000,7441.1,7326.1,33,27
2020-01-05 21:37:00.630000,7441.3,7326.2,33,27
2020-01-05 21:37:02.061000,7441.2,7326.2,33,27
2020-01-05 21:37:02.294000,7441.2,7326.1,33,27
2020-01-05 21:37:02.495000,7441.3,7326.2,33,27
2020-01-05 21:37:02.694000,7441.2,7326.1,33,27
2020-01-05 21:37:06.942000,7441.1,7326.1,33,27
2020-01-05 21:37:07.333000,7441.1,7326.0,33,27
2020-01-05 21:37:07.534000,7441.1,7326.1,33,27
2020-01-05 21:37:07.867000,7441.3,7326.2,33,27
2020-01-05 21:37:08.870000,7441.1,7326.1,33,27
2020-01-05 21:37:09.595000,7441.3,7326.2,33,27
2020-01-05 21:37:10.791000,7441.2,7326.2,33,27
2020-01-05 21:37:10.992000,7441.2,7326.1,33,27
2020-01-05 21:37:12.815000,7441.3,7326.2,33,27
2020-01-05 21:37:14.015000,7441.2,7326.2,33,27
2020-01-05 21:37:15.212000,7441.2,7326.1,33,27
2020-01-05 21:37:20.410000,7441.3,7326.2,33,27
2020-01-05 21:37:22.703000,7441.2,7326.1,33,27
2020-01-05 21:37:26.791000,7441.6,7326.5,33,27
2020-01-05 21:37:29.236000,7441.7,7326.6,33,27
2020-01-05 21:37:29.838000,7441.3,7326.2,33,27
2020-01-05 21:37:41.249000,7441.9,7326.8,33,27
2020-01-05 21:37:43.324000,7442.2,7327.1,33,27
2020-01-05 21:37:46.224000,7442.7,7327.6,33,27
2020-01-05 21:37:47.793000,7442.8,7327.7,33,27
2020-01-05 21:37:48.430000,7443.6,7328.5,33,27
2020-01-05 21:38:10.453000,7445.4,7330.3,33,27
2020-01-05 21:38:16.493000,7445.5,7330.4,33,27
2020-01-05 21:38:20.634000,7446.5,7331.4,33,27
2020-01-05 21:38:26.663000,7446.9,7331.8,33,27
2020-01-05 21:38:28.404000,7446.8,7331.7,33,27
2020-01-05 21:38:30.984000,7446.6,7331.5,33,27
2020-01-05 21:38:33.673000,7446.5,7331.4,33,27
2020-01-05 21:38:36.507000,7446.1,7331.0,33,27
2020-01-05 21:38:38.405000,7445.9,7330.8,33,27
2020-01-05 21:38:47.086000,7445.8,7330.8,33,27
2020-01-05 21:38:53.261000,7445.8,7330.7,33,27
2020-01-05 21:38:53.524000,7445.2,7330.1,33,27
2020-01-05 21:38:55.679000,7445.8,7330.7,33,27
2020-01-05 21:38:59.882000,7445.2,7330.1,33,27
2020-01-05 21:39:01.337000,7445.1,7330.0,33,27
2020-01-05 21:39:01.533000,7445.2,7330.1,33,27
2020-01-05 21:39:01.728000,7445.1,7330.0,33,27
2020-01-05 21:39:04.238000,7445.2,7330.1,33,27
2020-01-05 21:39:04.438000,7445.1,7330.0,33,27
2020-01-05 21:39:04.841000,7445.2,7330.1,33,27
2020-01-05 21:39:08.257000,7445.1,7330.0,33,27
2020-01-05 21:39:09.980000,7445.0,7330.0,33,27
2020-01-05 21:39:10.572000,7444.9,7329.9,33,27
2020-01-05 21:39:10.772000,7444.8,7329.8,33,27
2020-01-05 21:39:11.818000,7444.7,7329.6,33,27
2020-01-05 21:39:13.143000,7444.1,7329.0,33,27
2020-01-05 21:39:14.123000,7444.0,7328.9,33,27
2020-01-05 21:39:15.407000,7443.8,7328.7,33,27
2020-01-05 21:39:15.678000,7443.5,7328.4,33,27
2020-01-05 21:39:16.721000,7443.4,7328.3,33,27
2020-01-05 21:39:18.467000,7443.3,7328.2,33,27
2020-01-05 21:39:19.660000,7443.1,7328.1,33,27
2020-01-05 21:39:20.253000,7443.3,7328.2,33,27
2020-01-05 21:39:20.971000,7443.3,7328.3,33,27
2020-01-05 21:39:21.172000,7443.4,7328.4,33,27
2020-01-05 21:39:21.382000,7443.3,7328.3,33,27
2020-01-05 21:39:21.770000,7443.3,7328.2,33,27
2020-01-05 21:39:27.817000,7443.1,7328.0,33,27
2020-01-05 21:39:28.965000,7443.0,7327.9,33,27
2020-01-05 21:39:29.529000,7442.9,7327.8,33,27
2020-01-05 21:39:32.233000,7442.8,7327.7,33,27
2020-01-05 21:39:33.209000,7442.9,7327.8,33,27
2020-01-05 21:39:34.504000,7442.6,7327.5,33,27
2020-01-05 21:39:34.939000,7442.4,7327.3,33,27
2020-01-05 21:39:35.224000,7441.9,7326.8,33,27
2020-01-05 21:39:37.214000,7441.8,7326.7,33,27
2020-01-05 21:39:38.266000,7441.6,7326.5,33,27
2020-01-05 21:39:44.305000,7441.7,7326.6,33,27
2020-01-05 21:39:45.548000,7441.6,7326.5,33,27
2020-01-05 21:39:46.875000,7441.4,7326.3,33,27
2020-01-05 21:39:49.746000,7441.2,7326.1,33,27
2020-01-05 21:39:50.560000,7441.6,7326.5,33,27
2020-01-05 21:39:50.761000,7441.4,7326.3,33,27
2020-01-05 21:39:52.265000,7441.6,7326.5,33,27
2020-01-05 21:39:52.695000,7441.7,7326.6,33,27
2020-01-05 21:39:53.291000,7441.8,7326.7,33,27
2020-01-05 21:39:53.492000,7441.9,7326.8,33,27
2020-01-05 21:39:54.491000,7441.8,7326.7,33,27
2020-01-05 21:39:54.892000,7441.9,7326.8,33,27
2020-01-05 21:39:55.291000,7442.1,7327.0,33,27
2020-01-05 21:39:56.130000,7442.2,7327.1,33,27
2020-01-05 21:39:56.329000,7442.1,7327.0,33,27
2020-01-05 21:39:57.045000,7442.2,7327.1,33,27
2020-01-05 21:39:57.269000,7441.8,7326.7,33,27
2020-01-05 21:39:58.193000,7441.9,7326.8,33,27
2020-01-05 21:39:58.495000,7442.1,7327.1,33,27
2020-01-05 21:39:59.222000,7441.8,7326.7,33,27
2020-01-05 21:39:59.420000,7441.3,7326.2,33,27
2020-01-05 21:39:59.691000,7441.0,7325.9,33,27
2020-01-05 21:39:59.895000,7440.5,7325.4,33,27
2020-01-05 21:40:00.292000,7440.7,7325.6,33,27
2020-01-05 21:40:00.501000,7440.5,7325.4,33,27
2020-01-05 21:40:01.100000,7440.6,7325.5,33,27
2020-01-05 21:40:01.706000,7440.9,7325.8,33,27
2020-01-05 21:40:03.734000,7440.7,7325.6,33,27
2020-01-05 21:40:05.398000,7440.6,7325.6,33,27
2020-01-05 21:40:05.911000,7440.7,7325.6,33,27
2020-01-05 21:40:06.112000,7441.1,7326.0,33,27
2020-01-05 21:40:06.712000,7441.2,7326.1,33,27
2020-01-05 21:40:06.911000,7441.1,7326.0,33,27
2020-01-05 21:40:07.512000,7441.2,7326.1,33,27
2020-01-05 21:40:08.911000,7441.0,7325.9,33,27
2020-01-05 21:40:09.111000,7441.1,7326.0,33,27
2020-01-05 21:40:09.711000,7440.8,7325.7,33,27
2020-01-05 21:40:09.911000,7440.7,7325.6,33,27
2020-01-05 21:40:12.141000,7440.6,7325.5,33,27
2020-01-05 21:40:12.341000,7440.5,7325.5,33,27
2020-01-05 21:40:12.941000,7440.9,7325.8,33,27
2020-01-05 21:40:13.141000,7440.8,7325.7,33,27
2020-01-05 21:40:13.541000,7441.2,7326.1,33,27
2020-01-05 21:40:13.740000,7440.8,7325.7,33,27
2020-01-05 21:40:15.144000,7440.9,7325.8,33,27
2020-01-05 21:40:15.342000,7440.8,7325.7,33,27
2020-01-05 21:40:15.542000,7440.9,7325.8,33,27
2020-01-05 21:40:16.512000,7440.8,7325.7,33,27
2020-01-05 21:40:16.714000,7440.9,7325.8,33,27
2020-01-05 21:40:17.372000,7440.8,7325.7,33,27
2020-01-05 21:40:18.243000,7439.2,7324.2,33,27
2020-01-05 21:40:18.441000,7439.3,7324.3,33,27
2020-01-05 21:40:18.850000,7439.3,7324.2,33,27
2020-01-05 21:40:19.452000,7439.2,7324.1,33,27
2020-01-05 21:40:21.271000,7439.3,7324.2,33,27
2020-01-05 21:40:21.471000,7439.2,7324.1,33,27
2020-01-05 21:40:26.526000,7439.3,7324.2,33,27
2020-01-05 21:40:26.732000,7439.2,7324.1,33,27
2020-01-05 21:40:29.665000,7439.1,7324.0,33,27
2020-01-05 21:40:29.880000,7439.2,7324.1,33,27
2020-01-05 21:40:30.267000,7439.2,7324.2,33,27
2020-01-05 21:40:31.435000,7438.9,7323.8,33,27
2020-01-05 21:40:36.748000,7438.5,7323.4,33,27
2020-01-05 21:40:37.348000,7438.5,7323.5,33,27
2020-01-05 21:40:37.547000,7438.3,7323.2,33,27
2020-01-05 21:40:39.147000,7438.7,7323.6,33,27
2020-01-05 21:40:41.349000,7438.6,7323.5,33,27
2020-01-05 21:40:41.548000,7438.4,7323.3,33,27
2020-01-05 21:40:41.946000,7438.6,7323.5,33,27
2020-01-05 21:40:42.750000,7438.6,7323.6,33,27
2020-01-05 21:40:42.948000,7438.6,7323.5,33,27
2020-01-05 21:40:43.347000,7438.6,7323.6,33,27
2020-01-05 21:40:43.752000,7438.6,7323.5,33,27
2020-01-05 21:40:43.949000,7438.6,7323.6,33,27
2020-01-05 21:40:44.348000,7438.6,7323.5,33,27
2020-01-05 21:40:45.148000,7438.6,7323.6,33,27
2020-01-05 21:40:45.548000,7438.6,7323.5,33,27
2020-01-05 21:40:45.948000,7438.6,7323.6,33,27
2020-01-05 21:40:46.149000,7438.4,7323.3,33,27
2020-01-05 21:40:46.347000,7438.6,7323.5,33,27
2020-01-05 21:40:46.547000,7438.6,7323.6,33,27
2020-01-05 21:40:47.149000,7438.4,7323.3,33,27
2020-01-05 21:40:47.547000,7438.6,7323.5,33,27
2020-01-05 21:40:47.755000,7439.0,7323.9,33,27
2020-01-05 21:40:48.551000,7438.5,7323.4,33,27
2020-01-05 21:40:48.948000,7438.4,7323.3,33,27
2020-01-05 21:40:49.587000,7438.7,7323.6,33,27
2020-01-05 21:40:50.293000,7438.4,7323.3,33,27
2020-01-05 21:40:50.679000,7438.7,7323.6,33,27
2020-01-05 21:40:50.877000,7438.4,7323.3,33,27
2020-01-05 21:40:51.333000,7438.6,7323.5,33,27
2020-01-05 21:40:51.523000,7438.8,7323.7,33,27
2020-01-05 21:40:51.725000,7438.6,7323.5,33,27
2020-01-05 21:40:52.418000,7438.8,7323.7,33,27
2020-01-05 21:40:55.603000,7438.5,7323.4,33,27
2020-01-05 21:40:55.866000,7438.8,7323.7,33,27
2020-01-05 21:40:56.266000,7438.9,7323.8,33,27
2020-01-05 21:40:56.968000,7438.6,7323.5,33,27
2020-01-05 21:40:57.169000,7438.7,7323.6,33,27
2020-01-05 21:41:10.595000,7438.8,7323.7,33,27
2020-01-05 21:41:13.452000,7438.6,7323.5,33,27
2020-01-05 21:41:14.255000,7438.5,7323.4,33,27
2020-01-05 21:41:15.266000,7438.6,7323.5,33,27
2020-01-05 21:41:20.347000,7438.4,7323.3,33,27
2020-01-05 21:41:21.255000,7438.6,7323.5,33,27
2020-01-05 21:41:43.574000,7438.5,7323.5,33,27
2020-01-05 21:41:47.842000,7438.6,7323.5,33,27
2020-01-05 21:41:48.629000,7438.5,7323.5,33,27
2020-01-05 21:41:49.128000,7438.5,7323.4,33,27
2020-01-05 21:41:49.524000,7438.6,7323.5,33,27
2020-01-05 21:41:49.718000,7438.8,7323.7,33,27
2020-01-05 21:41:49.919000,7438.5,7323.5,33,27
2020-01-05 21:41:50.118000,7438.5,7323.4,33,27
2020-01-05 21:41:50.720000,7439.0,7324.0,33,27
2020-01-05 21:41:51.119000,7439.0,7323.9,33,27
2020-01-05 21:41:51.319000,7438.8,7323.7,33,27
2020-01-05 21:41:51.719000,7439.0,7324.0,33,27
2020-01-05 21:41:51.920000,7439.0,7323.9,33,27
2020-01-05 21:41:52.119000,7438.9,7323.8,33,27
2020-01-05 21:41:52.532000,7438.8,7323.7,33,27
2020-01-05 21:41:52.718000,7438.9,7323.8,33,27
2020-01-05 21:41:53.123000,7438.8,7323.7,33,27
2020-01-05 21:41:53.328000,7438.9,7323.8,33,27
2020-01-05 21:41:53.554000,7438.8,7323.7,33,27
2020-01-05 21:41:56.023000,7438.5,7323.4,33,27
2020-01-05 21:41:56.424000,7438.8,7323.7,33,27
2020-01-05 21:41:56.625000,7438.5,7323.4,33,27
2020-01-05 21:41:56.823000,7438.8,7323.7,33,27
2020-01-05 21:41:57.626000,7438.5,7323.4,33,27
2020-01-05 21:41:58.230000,7439.0,7323.9,33,27
2020-01-05 21:41:58.428000,7438.8,7323.7,33,27
2020-01-05 21:41:58.627000,7438.9,7323.8,33,27
2020-01-05 21:41:59.232000,7438.8,7323.7,33,27
2020-01-05 21:41:59.493000,7438.6,7323.5,33,27
2020-01-05 21:41:59.893000,7438.5,7323.4,33,27
2020-01-05 21:42:00.494000,7438.7,7323.7,33,27
2020-01-05 21:42:00.693000,7438.7,7323.6,33,27
2020-01-05 21:42:01.093000,7439.0,7323.9,33,27
2020-01-05 21:42:01.305000,7438.7,7323.6,33,27
2020-01-05 21:42:01.494000,7439.0,7323.9,33,27
2020-01-05 21:42:01.695000,7438.7,7323.6,33,27
2020-01-05 21:42:01.895000,7439.0,7323.9,33,27
2020-01-05 21:42:02.294000,7438.7,7323.6,33,27
2020-01-05 21:42:03.693000,7438.6,7323.6,33,27
2020-01-05 21:42:03.894000,7438.7,7323.6,33,27
2020-01-05 21:42:04.093000,7438.6,7323.6,33,27
2020-01-05 21:42:04.695000,7438.6,7323.5,33,27
2020-01-05 21:42:04.893000,7438.7,7323.6,33,27
2020-01-05 21:42:07.694000,7438.8,7323.7,33,27
2020-01-05 21:42:08.095000,7439.0,7323.9,33,27
2020-01-05 21:42:08.701000,7438.6,7323.5,33,27
2020-01-05 21:42:09.696000,7438.7,7323.7,33,27
2020-01-05 21:42:10.694000,7438.9,7323.8,33,27
2020-01-05 21:42:11.298000,7438.8,7323.8,33,27
2020-01-05 21:42:11.496000,7438.9,7323.8,33,27
2020-01-05 21:42:11.700000,7439.0,7323.9,33,27
2020-01-05 21:42:13.327000,7438.9,7323.8,33,27
2020-01-05 21:42:13.434000,7438.7,7323.6,33,27
2020-01-05 21:42:15.828000,7438.5,7323.4,33,27
2020-01-05 21:42:16.050000,7438.8,7323.7,33,27
2020-01-05 21:42:16.841000,7438.9,7323.8,33,27
2020-01-05 21:42:19.937000,7438.8,7323.7,33,27
2020-01-05 21:42:20.361000,7438.9,7323.9,33,27
2020-01-05 21:42:30.190000,7439.0,7323.9,33,27
2020-01-05 21:42:30.709000,7438.9,7323.9,33,27
2020-01-05 21:42:32.422000,7439.0,7323.9,33,27
2020-01-05 21:42:36.406000,7439.1,7324.0,33,27
2020-01-05 21:42:36.606000,7439.2,7324.1,33,27
2020-01-05 21:42:36.805000,7439.1,7324.0,33,27
2020-01-05 21:42:37.530000,7438.8,7323.7,33,27
2020-01-05 21:42:37.929000,7439.0,7323.9,33,27
2020-01-05 21:42:38.130000,7438.7,7323.6,33,27
2020-01-05 21:42:39.289000,7438.8,7323.7,33,27
2020-01-05 21:42:40.093000,7439.0,7323.9,33,27
2020-01-05 21:42:41.359000,7438.9,7323.8,33,27
2020-01-05 21:42:41.560000,7439.1,7324.0,33,27
2020-01-05 21:42:41.759000,7438.8,7323.7,33,27
2020-01-05 21:42:41.995000,7438.7,7323.6,33,27
2020-01-05 21:42:43.873000,7438.8,7323.7,33,27
2020-01-05 21:42:45.191000,7438.7,7323.6,33,27
2020-01-05 21:42:46.433000,7438.6,7323.5,33,27
2020-01-05 21:42:47.446000,7438.7,7323.6,33,27
2020-01-05 21:42:49.596000,7438.6,7323.5,33,27
2020-01-05 21:42:49.796000,7438.7,7323.6,33,27
2020-01-05 21:42:49.996000,7438.6,7323.5,33,27
2020-01-05 21:42:50.196000,7438.6,7323.6,33,27
2020-01-05 21:42:50.398000,7438.7,7323.6,33,27
2020-01-05 21:42:50.597000,7438.5,7323.4,33,27
2020-01-05 21:42:51.885000,7438.6,7323.5,33,27
2020-01-05 21:42:55.646000,7438.5,7323.4,33,27
2020-01-05 21:42:56.468000,7438.6,7323.5,33,27
2020-01-05 21:42:57.066000,7438.5,7323.4,33,27
2020-01-05 21:42:57.466000,7438.4,7323.3,33,27
2020-01-05 21:42:57.665000,7438.6,7323.5,33,27
2020-01-05 21:42:58.867000,7438.4,7323.3,33,27
2020-01-05 21:42:59.067000,7438.2,7323.1,33,27
2020-01-05 21:42:59.300000,7438.0,7322.9,33,27
2020-01-05 21:42:59.856000,7437.8,7322.7,33,27
2020-01-05 21:43:00.456000,7437.7,7322.6,33,27
2020-01-05 21:43:01.946000,7438.0,7322.9,33,27
2020-01-05 21:43:02.144000,7437.9,7322.8,33,27
2020-01-05 21:43:02.343000,7437.3,7322.2,33,27
2020-01-05 21:43:02.812000,7437.5,7322.4,33,27
2020-01-05 21:43:03.008000,7437.1,7322.0,33,27
2020-01-05 21:43:04.274000,7437.0,7321.9,33,27
2020-01-05 21:43:04.803000,7436.5,7321.4,33,27
2020-01-05 21:43:05.210000,7436.4,7321.3,33,27
2020-01-05 21:43:07.267000,7436.1,7321.0,33,27
2020-01-05 21:43:07.672000,7436.2,7321.1,33,27
2020-01-05 21:43:08.571000,7436.4,7321.3,33,27
2020-01-05 21:43:12.280000,7436.5,7321.4,33,27
2020-01-05 21:43:18.129000,7436.6,7321.5,33,27
2020-01-05 21:43:18.584000,7436.9,7321.9,33,27
2020-01-05 21:43:24.909000,7436.9,7321.8,33,27
2020-01-05 21:43:25.280000,7436.9,7321.9,33,27
2020-01-05 21:43:28.198000,7437.1,7322.0,33,27
2020-01-05 21:43:34.073000,7437.5,7322.4,33,27
2020-01-05 21:43:36.733000,7437.0,7321.9,33,27
2020-01-05 21:43:36.932000,7436.8,7321.7,33,27
2020-01-05 21:43:37.384000,7436.5,7321.4,33,27
2020-01-05 21:43:37.784000,7436.7,7321.6,33,27
2020-01-05 21:43:38.169000,7436.8,7321.7,33,27
2020-01-05 21:43:43.285000,7437.0,7321.9,33,27
2020-01-05 21:43:52.067000,7437.1,7322.0,33,27
2020-01-05 21:43:59.456000,7437.5,7322.4,33,27
2020-01-05 21:44:02.361000,7437.0,7321.9,33,27
2020-01-05 21:44:03.465000,7437.4,7322.3,33,27
2020-01-05 21:44:05.522000,7437.0,7321.9,33,27
2020-01-05 21:44:06.272000,7437.4,7322.3,33,27
2020-01-05 21:44:07.253000,7437.5,7322.4,33,27
2020-01-05 21:44:08.270000,7437.7,7322.6,33,27
2020-01-05 21:44:08.469000,7437.5,7322.4,33,27
2020-01-05 21:44:09.406000,7437.7,7322.6,33,27
2020-01-05 21:44:13.649000,7437.5,7322.4,33,27
2020-01-05 21:44:14.646000,7437.8,7322.7,33,27
2020-01-05 21:44:21.171000,7437.6,7322.5,33,27
2020-01-05 21:44:22.670000,7437.7,7322.6,33,27
2020-01-05 21:44:24.669000,7437.5,7322.4,33,27
2020-01-05 21:44:26.197000,7436.2,7321.1,33,27
2020-01-05 21:44:27.110000,7436.4,7321.3,33,27
2020-01-05 21:44:36.394000,7436.5,7321.5,33,27
2020-01-05 21:44:37.279000,7436.9,7321.8,33,27
2020-01-05 21:44:40.715000,7436.6,7321.5,33,27
2020-01-05 21:44:52.598000,7436.5,7321.4,33,27
2020-01-05 21:45:03.643000,7436.8,7321.7,33,27
2020-01-05 21:45:09.428000,7436.6,7321.6,33,27
2020-01-05 21:45:09.703000,7436.4,7321.3,33,27
2020-01-05 21:45:10.514000,7436.5,7321.4,33,27
2020-01-05 21:45:10.985000,7436.4,7321.3,33,27
2020-01-05 21:45:17.442000,7436.6,7321.6,33,27
2020-01-05 21:45:25.463000,7437.0,7321.9,33,27
2020-01-05 21:45:26.780000,7436.9,7321.8,33,27
2020-01-05 21:45:28.816000,7437.5,7322.4,33,27
2020-01-05 21:45:29.033000,7437.6,7322.5,33,27
2020-01-05 21:45:29.807000,7437.5,7322.4,33,27
2020-01-05 21:45:31.809000,7437.5,7322.5,33,27
2020-01-05 21:45:34.818000,7437.6,7322.5,33,27
2020-01-05 21:45:37.068000,7437.7,7322.6,33,27
2020-01-05 21:45:40.072000,7437.6,7322.5,33,27
2020-01-05 21:45:47.722000,7437.7,7322.6,33,27
2020-01-05 21:45:49.400000,7437.1,7322.1,33,27
2020-01-05 21:45:50.406000,7437.5,7322.4,33,27
2020-01-05 21:45:53.472000,7437.4,7322.3,33,27
2020-01-05 21:45:54.526000,7437.5,7322.4,33,27
2020-01-05 21:45:56.504000,7437.6,7322.5,33,27
2020-01-05 21:45:56.702000,7437.4,7322.3,33,27
2020-01-05 21:45:57.505000,7437.6,7322.5,33,27
2020-01-05 21:45:58.664000,7437.5,7322.4,33,27
2020-01-05 21:45:59.711000,7437.2,7322.1,33,27
2020-01-05 21:46:00.694000,7437.4,7322.3,33,27
2020-01-05 21:46:02.789000,7437.2,7322.1,33,27
2020-01-05 21:46:03.836000,7437.1,7322.1,33,27
2020-01-05 21:46:05.844000,7437.0,7322.0,33,27
2020-01-05 21:46:06.043000,7437.0,7321.9,33,27
2020-01-05 21:46:08.877000,7437.2,7322.1,33,27
2020-01-05 21:46:09.972000,7437.0,7321.9,33,27
2020-01-05 21:46:11.002000,7437.2,7322.1,33,27
2020-01-05 21:46:11.422000,7437.5,7322.4,33,27
2020-01-05 21:46:11.623000,7437.7,7322.7,33,27
2020-01-05 21:46:13.003000,7437.7,7322.6,33,27
2020-01-05 21:46:19.147000,7437.4,7322.3,33,27
2020-01-05 21:46:27.336000,7437.7,7322.7,33,27
2020-01-05 21:46:29.999000,7437.8,7322.7,33,27
2020-01-05 21:46:30.984000,7437.7,7322.7,33,27
2020-01-05 21:46:31.804000,7437.8,7322.7,33,27
2020-01-05 21:46:34.784000,7438.1,7323.0,33,27
2020-01-05 21:46:34.983000,7438.2,7323.1,33,27
2020-01-05 21:46:35.491000,7438.6,7323.5,33,27
2020-01-05 21:46:35.693000,7439.1,7324.0,33,27
2020-01-05 21:46:35.890000,7439.7,7324.7,33,27
2020-01-05 21:46:36.091000,7440.4,7325.3,33,27
2020-01-05 21:46:39.003000,7440.5,7325.4,33,27
2020-01-05 21:46:58.139000,7439.9,7324.8,33,27
2020-01-05 21:46:58.504000,7440.5,7325.4,33,27
2020-01-05 21:47:13.002000,7440.6,7325.5,33,27
2020-01-05 21:47:13.515000,7440.8,7325.7,33,27
2020-01-05 21:47:26.385000,7440.7,7325.6,33,27
2020-01-05 21:47:27.947000,7440.5,7325.4,33,27
2020-01-05 21:47:28.147000,7439.8,7324.7,33,27
2020-01-05 21:47:28.948000,7439.8,7324.8,33,27
2020-01-05 21:47:32.453000,7441.0,7325.9,33,27
2020-01-05 21:47:35.010000,7441.1,7326.0,33,27
2020-01-05 21:47:39.982000,7441.2,7326.1,33,27
2020-01-05 21:47:40.493000,7442.2,7327.2,33,27
2020-01-05 21:47:42.131000,7442.3,7327.2,33,27
2020-01-05 21:47:45.263000,7442.2,7327.2,33,27
2020-01-05 21:47:47.291000,7442.3,7327.2,33,27
2020-01-05 21:47:53.849000,7442.7,7327.6,33,27
2020-01-05 21:47:56.943000,7442.8,7327.7,33,27
2020-01-05 21:48:16.988000,7442.7,7327.6,33,27
2020-01-05 21:48:21.517000,7442.5,7327.4,33,27
2020-01-05 21:48:22.305000,7442.6,7327.5,33,27
2020-01-05 21:48:26.383000,7442.7,7327.6,33,27
2020-01-05 21:48:26.584000,7442.8,7327.7,33,27
2020-01-05 21:48:34.806000,7442.3,7327.2,33,27
2020-01-05 21:48:35.445000,7441.8,7326.7,33,27
2020-01-05 21:48:35.845000,7442.1,7327.0,33,27
2020-01-05 21:48:36.277000,7441.9,7326.8,33,27
2020-01-05 21:48:36.475000,7441.7,7326.6,33,27
2020-01-05 21:48:36.823000,7441.2,7326.1,33,27
2020-01-05 21:48:37.404000,7441.1,7326.0,33,27
2020-01-05 21:48:40.574000,7441.2,7326.1,33,27
2020-01-05 21:48:40.774000,7440.7,7325.6,33,27
2020-01-05 21:48:41.173000,7440.3,7325.2,33,27
2020-01-05 21:48:45.930000,7440.8,7325.7,33,27
2020-01-05 21:48:46.923000,7440.2,7325.1,33,27
2020-01-05 21:48:49.902000,7440.3,7325.2,33,27
2020-01-05 21:48:51.908000,7440.6,7325.5,33,27
2020-01-05 21:48:55.172000,7440.8,7325.7,33,27
2020-01-05 21:48:59.203000,7440.5,7325.4,33,27
2020-01-05 21:49:02.258000,7440.3,7325.2,33,27
2020-01-05 21:49:03.265000,7440.4,7325.3,33,27
2020-01-05 21:49:05.503000,7440.3,7325.2,33,27
2020-01-05 21:49:06.322000,7440.5,7325.4,33,27
2020-01-05 21:49:07.555000,7440.6,7325.5,33,27
2020-01-05 21:49:13.394000,7440.7,7325.6,33,27
2020-01-05 21:49:14.895000,7440.9,7325.8,33,27
2020-01-05 21:49:15.097000,7441.0,7325.9,33,27
2020-01-05 21:49:17.912000,7441.2,7326.1,33,27
2020-01-05 21:49:18.453000,7441.9,7326.8,33,27
2020-01-05 21:49:19.366000,7441.9,7326.9,33,27
2020-01-05 21:49:19.565000,7442.0,7326.9,33,27
2020-01-05 21:49:19.966000,7442.0,7327.0,33,27
2020-01-05 21:49:20.371000,7442.1,7327.0,33,27
2020-01-05 21:49:23.546000,7442.5,7327.4,33,27
2020-01-05 21:49:28.319000,7442.4,7327.3,33,27
2020-01-05 21:49:33.334000,7442.8,7327.7,33,27
2020-01-05 21:49:41.587000,7442.6,7327.5,33,27
2020-01-05 21:49:41.790000,7442.7,7327.6,33,27
2020-01-05 21:49:42.557000,7442.6,7327.5,33,27
2020-01-05 21:49:43.364000,7442.9,7327.8,33,27
2020-01-05 21:49:44.417000,7442.6,7327.5,33,27
2020-01-05 21:49:44.818000,7442.5,7327.5,33,27
2020-01-05 21:49:45.017000,7442.6,7327.5,33,27
2020-01-05 21:49:47.365000,7442.9,7327.9,33,27
2020-01-05 21:49:47.719000,7442.5,7327.4,33,27
2020-01-05 21:49:49.037000,7442.7,7327.6,33,27
2020-01-05 21:49:51.841000,7442.5,7327.4,33,27
2020-01-05 21:49:56.922000,7442.7,7327.6,33,27
2020-01-05 21:49:57.381000,7442.6,7327.5,33,27
2020-01-05 21:49:59.825000,7442.7,7327.6,33,27
2020-01-05 21:50:02.774000,7442.6,7327.5,33,27
2020-01-05 21:50:05.041000,7442.5,7327.4,33,27
2020-01-05 21:50:07.440000,7442.4,7327.3,33,27
2020-01-05 21:50:22.679000,7442.7,7327.6,33,27
2020-01-05 21:50:29.125000,7442.6,7327.5,33,27
2020-01-05 21:50:32.532000,7443.0,7327.9,33,27
2020-01-05 21:50:49.890000,7443.1,7328.0,33,27
2020-01-05 21:50:58.406000,7442.9,7327.8,33,27
2020-01-05 21:50:58.765000,7443.1,7328.0,33,27
2020-01-05 21:51:26.989000,7442.9,7327.8,33,27
2020-01-05 21:51:35.965000,7443.1,7328.0,33,27
2020-01-05 21:51:38.990000,7443.3,7328.2,33,27
2020-01-05 21:51:39.188000,7443.4,7328.3,33,27
2020-01-05 21:51:44.214000,7443.5,7328.4,33,27
2020-01-05 21:51:46.194000,7443.4,7328.3,33,27
2020-01-05 21:51:48.244000,7443.1,7328.0,33,27
2020-01-05 21:51:49.343000,7442.9,7327.8,33,27
2020-01-05 21:51:49.544000,7443.2,7328.1,33,27
2020-01-05 21:52:01.387000,7443.1,7328.0,33,27
2020-01-05 21:52:01.578000,7443.0,7328.0,33,27
2020-01-05 21:52:04.450000,7443.2,7328.2,33,27
2020-01-05 21:52:04.651000,7443.2,7328.1,33,27
2020-01-05 21:52:09.482000,7443.1,7328.0,33,27
2020-01-05 21:52:19.756000,7443.2,7328.1,33,27
2020-01-05 21:52:26.521000,7443.1,7328.0,33,27
2020-01-05 21:52:34.561000,7443.2,7328.1,33,27
2020-01-05 21:52:36.207000,7443.1,7328.0,33,27
2020-01-05 21:52:37.591000,7443.2,7328.1,33,27
2020-01-05 21:52:38.308000,7443.1,7328.0,33,27
2020-01-05 21:52:39.894000,7443.2,7328.1,33,27
2020-01-05 21:52:40.094000,7443.1,7328.0,33,27
2020-01-05 21:52:41.350000,7443.0,7328.0,33,27
2020-01-05 21:52:42.130000,7443.1,7328.0,33,27
2020-01-05 21:52:42.332000,7443.1,7328.1,33,27
2020-01-05 21:52:43.251000,7443.2,7328.1,33,27
2020-01-05 21:52:44.103000,7443.1,7328.1,33,27
2020-01-05 21:52:44.304000,7443.2,7328.1,33,27
2020-01-05 21:52:47.711000,7443.1,7328.1,33,27
2020-01-05 21:52:47.912000,7443.2,7328.1,33,27
2020-01-05 21:52:51.416000,7443.1,7328.1,33,27
2020-01-05 21:52:51.654000,7443.2,7328.1,33,27
2020-01-05 21:52:55.513000,7443.1,7328.1,33,27
2020-01-05 21:52:55.965000,7443.2,7328.1,33,27
2020-01-05 21:53:02.918000,7443.1,7328.1,33,27
2020-01-05 21:53:05.145000,7443.1,7328.0,33,27
2020-01-05 21:53:12.895000,7443.2,7328.1,33,27
2020-01-05 21:53:13.295000,7443.1,7328.0,33,27
2020-01-05 21:53:17.245000,7443.2,7328.1,33,27
2020-01-05 21:53:23.834000,7443.1,7328.0,33,27
2020-01-05 21:53:25.557000,7443.2,7328.1,33,27
2020-01-05 21:53:25.757000,7443.1,7328.0,33,27
2020-01-05 21:53:32.856000,7443.2,7328.1,33,27
2020-01-05 21:53:34.187000,7443.1,7328.1,33,27
2020-01-05 21:53:34.584000,7443.1,7328.0,33,27
2020-01-05 21:53:37.625000,7443.0,7327.9,33,27
2020-01-05 21:53:39.014000,7442.9,7327.8,33,27
2020-01-05 21:53:40.105000,7443.1,7328.1,33,27
2020-01-05 21:53:40.985000,7443.0,7328.0,33,27
2020-01-05 21:53:41.184000,7442.5,7327.4,33,27
2020-01-05 21:53:41.811000,7442.6,7327.6,33,27
2020-01-05 21:53:42.363000,7442.8,7327.7,33,27
2020-01-05 21:53:43.099000,7442.7,7327.6,33,27
2020-01-05 21:53:43.637000,7442.5,7327.4,33,27
2020-01-05 21:53:43.838000,7442.1,7327.0,33,27
2020-01-05 21:53:44.239000,7441.7,7326.6,33,27
2020-01-05 21:53:44.437000,7439.6,7324.5,33,27
2020-01-05 21:53:45.237000,7439.1,7324.0,33,27
2020-01-05 21:53:45.955000,7438.6,7323.5,33,27
2020-01-05 21:53:46.155000,7438.2,7323.1,33,27
2020-01-05 21:53:46.356000,7437.9,7322.8,33,27
2020-01-05 21:53:46.559000,7437.7,7322.6,33,27
2020-01-05 21:53:46.756000,7437.8,7322.8,33,27
2020-01-05 21:53:46.957000,7437.8,7322.7,33,27
2020-01-05 21:53:47.157000,7437.3,7322.2,33,27
2020-01-05 21:53:47.357000,7437.2,7322.1,33,27
2020-01-05 21:53:47.756000,7436.9,7321.8,33,27
2020-01-05 21:53:47.956000,7436.7,7321.6,33,27
2020-01-05 21:53:48.195000,7436.6,7321.5,33,27
2020-01-05 21:53:49.539000,7436.7,7321.6,33,27
2020-01-05 21:53:49.692000,7436.0,7320.9,33,27
2020-01-05 21:53:50.360000,7435.9,7320.8,33,27
2020-01-05 21:53:51.529000,7435.8,7320.7,33,27
2020-01-05 21:53:51.718000,7435.6,7320.5,33,27
2020-01-05 21:53:51.911000,7435.5,7320.5,33,27
2020-01-05 21:53:53.297000,7434.4,7319.4,33,27
2020-01-05 21:53:53.631000,7434.3,7319.2,33,27
2020-01-05 21:53:54.157000,7433.9,7318.8,33,27
2020-01-05 21:53:54.353000,7433.8,7318.7,33,27
2020-01-05 21:53:55.208000,7433.4,7318.3,33,27
2020-01-05 21:53:55.657000,7434.2,7319.1,33,27
2020-01-05 21:53:57.688000,7434.1,7319.0,33,27
2020-01-05 21:53:59.649000,7434.2,7319.1,33,27
2020-01-05 21:53:59.844000,7434.3,7319.2,33,27
2020-01-05 21:54:00.962000,7434.5,7319.4,33,27
2020-01-05 21:54:01.163000,7434.6,7319.5,33,27
2020-01-05 21:54:01.701000,7434.5,7319.4,33,27
2020-01-05 21:54:01.901000,7434.6,7319.5,33,27
2020-01-05 21:54:02.102000,7434.5,7319.4,33,27
2020-01-05 21:54:02.507000,7434.6,7319.5,33,27
2020-01-05 21:54:04.954000,7434.3,7319.3,33,27
2020-01-05 21:54:05.381000,7433.8,7318.7,33,27
2020-01-05 21:54:05.789000,7433.7,7318.6,33,27
2020-01-05 21:54:06.306000,7434.1,7319.0,33,27
2020-01-05 21:54:08.357000,7434.0,7318.9,33,27
2020-01-05 21:54:08.783000,7433.6,7318.5,33,27
2020-01-05 21:54:09.274000,7434.0,7318.9,33,27
2020-01-05 21:54:09.473000,7433.9,7318.8,33,27
2020-01-05 21:54:10.074000,7433.6,7318.5,33,27
2020-01-05 21:54:10.582000,7433.7,7318.6,33,27
2020-01-05 21:54:16.157000,7433.5,7318.5,33,27
2020-01-05 21:54:18.725000,7433.5,7318.4,33,27
2020-01-05 21:54:19.187000,7433.4,7318.3,33,27
2020-01-05 21:54:21.440000,7433.8,7318.7,33,27
2020-01-05 21:54:21.848000,7433.3,7318.2,33,27
2020-01-05 21:54:22.244000,7433.2,7318.1,33,27
2020-01-05 21:54:22.641000,7433.3,7318.2,33,27
2020-01-05 21:54:22.955000,7433.2,7318.1,33,27
2020-01-05 21:54:23.157000,7433.3,7318.2,33,27
2020-01-05 21:54:23.356000,7433.2,7318.1,33,27
2020-01-05 21:54:24.386000,7433.1,7318.0,33,27
2020-01-05 21:54:24.585000,7433.2,7318.1,33,27
2020-01-05 21:54:25.385000,7433.1,7318.0,33,27
2020-01-05 21:54:25.586000,7433.0,7317.9,33,27
2020-01-05 21:54:26.785000,7433.2,7318.1,33,27
2020-01-05 21:54:27.221000,7433.1,7318.0,33,27
2020-01-05 21:54:27.614000,7433.2,7318.1,33,27
2020-01-05 21:54:27.935000,7433.1,7318.0,33,27
2020-01-05 21:54:28.134000,7433.1,7318.1,33,27
2020-01-05 21:54:28.334000,7433.1,7318.0,33,27
2020-01-05 21:54:30.337000,7433.0,7317.9,33,27
2020-01-05 21:54:30.531000,7433.2,7318.1,33,27
2020-01-05 21:54:30.985000,7433.1,7318.0,33,27
2020-01-05 21:54:31.383000,7433.2,7318.1,33,27
2020-01-05 21:54:33.098000,7433.1,7318.0,33,27
2020-01-05 21:54:35.580000,7433.0,7317.9,33,27
2020-01-05 21:54:39.476000,7432.7,7317.6,33,27
2020-01-05 21:54:40.278000,7432.5,7317.4,33,27
2020-01-05 21:54:40.476000,7432.6,7317.5,33,27
2020-01-05 21:54:40.678000,7432.8,7317.7,33,27
2020-01-05 21:54:41.540000,7432.7,7317.6,33,27
2020-01-05 21:54:41.969000,7432.6,7317.5,33,27
2020-01-05 21:54:42.225000,7432.4,7317.3,33,27
2020-01-05 21:54:45.217000,7432.1,7317.0,33,27
2020-01-05 21:54:45.415000,7432.4,7317.3,33,27
2020-01-05 21:54:46.916000,7432.3,7317.2,33,27
2020-01-05 21:54:47.400000,7432.4,7317.3,33,27
2020-01-05 21:54:47.900000,7432.3,7317.2,33,27
2020-01-05 21:54:51.186000,7432.1,7317.0,33,27
2020-01-05 21:54:51.382000,7432.3,7317.2,33,27
2020-01-05 21:54:51.581000,7432.1,7317.0,33,27
2020-01-05 21:54:52.911000,7432.0,7317.0,33,27
2020-01-05 21:54:53.367000,7432.4,7317.3,33,27
2020-01-05 21:54:53.842000,7430.6,7315.5,33,27
2020-01-05 21:54:58.787000,7430.5,7315.4,33,27
2020-01-05 21:54:59.758000,7430.7,7315.6,33,27
2020-01-05 21:54:59.951000,7430.6,7315.5,33,27
2020-01-05 21:55:04.837000,7431.7,7316.6,33,27
2020-01-05 21:55:05.229000,7429.6,7314.5,33,27
2020-01-05 21:55:05.428000,7429.9,7314.8,33,27
2020-01-05 21:55:05.628000,7431.4,7316.3,33,27
2020-01-05 21:55:05.983000,7431.9,7316.8,33,27
2020-01-05 21:55:06.183000,7430.0,7314.9,33,27
2020-01-05 21:55:06.828000,7429.6,7314.5,33,27
2020-01-05 21:55:07.175000,7429.7,7314.6,33,27
2020-01-05 21:55:07.575000,7430.0,7314.9,33,27
2020-01-05 21:55:08.081000,7429.8,7314.7,33,27
2020-01-05 21:55:08.502000,7430.0,7314.9,33,27
2020-01-05 21:55:10.171000,7430.2,7315.1,33,27
2020-01-05 21:55:10.562000,7429.6,7314.6,33,27
2020-01-05 21:55:10.984000,7429.8,7314.7,33,27
2020-01-05 21:55:11.506000,7430.0,7314.9,33,27
2020-01-05 21:55:14.054000,7430.2,7315.1,33,27
2020-01-05 21:55:14.395000,7429.7,7314.6,33,27
2020-01-05 21:55:14.921000,7429.9,7314.8,33,27
2020-01-05 21:55:15.319000,7429.7,7314.6,33,27
2020-01-05 21:55:16.356000,7429.0,7313.9,33,27
2020-01-05 21:55:18.333000,7428.9,7313.8,33,27
2020-01-05 21:55:19.176000,7428.7,7313.6,33,27
2020-01-05 21:55:20.205000,7428.9,7313.8,33,27
2020-01-05 21:55:20.506000,7428.8,7313.7,33,27
2020-01-05 21:55:20.971000,7428.6,7313.5,33,27
2020-01-05 21:55:21.201000,7428.4,7313.3,33,27
2020-01-05 21:55:21.401000,7428.5,7313.4,33,27
2020-01-05 21:55:26.338000,7428.6,7313.5,33,27
2020-01-05 21:55:27.091000,7428.7,7313.6,33,27
2020-01-05 21:55:27.850000,7428.7,7313.7,33,27
2020-01-05 21:55:28.050000,7428.9,7313.8,33,27
2020-01-05 21:55:28.250000,7429.5,7314.4,33,27
2020-01-05 21:55:28.450000,7429.7,7314.7,33,27
2020-01-05 21:55:28.651000,7430.5,7315.4,33,27
2020-01-05 21:55:28.854000,7430.8,7315.7,33,27
2020-01-05 21:55:29.051000,7430.9,7315.8,33,27
2020-01-05 21:55:29.451000,7430.8,7315.7,33,27
2020-01-05 21:55:29.650000,7430.9,7315.8,33,27
2020-01-05 21:55:29.850000,7430.9,7315.9,33,27
2020-01-05 21:55:30.052000,7431.0,7315.9,33,27
2020-01-05 21:55:30.451000,7431.1,7316.0,33,27
2020-01-05 21:55:30.651000,7431.1,7316.1,33,27
2020-01-05 21:55:32.512000,7431.2,7316.1,33,27
2020-01-05 21:55:33.691000,7431.4,7316.3,33,27
2020-01-05 21:55:34.702000,7431.9,7316.8,33,27
2020-01-05 21:55:35.679000,7431.7,7316.6,33,27
2020-01-05 21:55:35.879000,7431.1,7316.0,33,27
2020-01-05 21:55:36.277000,7431.2,7316.1,33,27
2020-01-05 21:55:36.805000,7431.4,7316.3,33,27
2020-01-05 21:55:38.667000,7431.2,7316.1,33,27
2020-01-05 21:55:38.882000,7431.4,7316.3,33,27
2020-01-05 21:55:39.683000,7431.6,7316.5,33,27
2020-01-05 21:55:39.886000,7431.5,7316.4,33,27
2020-01-05 21:55:40.085000,7431.9,7316.9,33,27
2020-01-05 21:55:40.985000,7431.3,7316.2,33,27
2020-01-05 21:55:41.240000,7431.6,7316.5,33,27
2020-01-05 21:55:41.918000,7431.5,7316.4,33,27
2020-01-05 21:55:43.202000,7431.4,7316.4,33,27
2020-01-05 21:55:43.418000,7431.0,7315.9,33,27
2020-01-05 21:55:43.833000,7430.5,7315.4,33,27
2020-01-05 21:55:44.766000,7430.2,7315.2,33,27
2020-01-05 21:55:46.191000,7430.2,7315.1,33,27
2020-01-05 21:55:50.478000,7430.0,7314.9,33,27
2020-01-05 21:55:52.508000,7429.9,7314.8,33,27
2020-01-05 21:55:53.480000,7430.1,7315.0,33,27
2020-01-05 21:55:53.680000,7430.0,7315.0,33,27
2020-01-05 21:55:53.878000,7430.6,7315.5,33,27
2020-01-05 21:55:54.091000,7431.0,7315.9,33,27
2020-01-05 21:55:54.479000,7431.0,7316.0,33,27
2020-01-05 21:55:54.680000,7431.0,7315.9,33,27
2020-01-05 21:55:55.080000,7431.1,7316.0,33,27
2020-01-05 21:55:55.280000,7431.0,7315.9,33,27
2020-01-05 21:55:55.680000,7431.1,7316.0,33,27
2020-01-05 21:55:55.878000,7431.3,7316.2,33,27
2020-01-05 21:55:56.280000,7431.2,7316.1,33,27
2020-01-05 21:55:56.880000,7431.4,7316.3,33,27
2020-01-05 21:55:57.081000,7431.4,7316.4,33,27
2020-01-05 21:55:57.548000,7431.5,7316.4,33,27
2020-01-05 21:55:58.758000,7431.6,7316.5,33,27
2020-01-05 21:55:59.556000,7431.3,7316.2,33,27
2020-01-05 21:55:59.758000,7431.7,7316.6,33,27
2020-01-05 21:55:59.956000,7431.5,7316.4,33,27
2020-01-05 21:56:00.157000,7431.6,7316.5,33,27
2020-01-05 21:56:00.355000,7432.1,7317.0,33,27
2020-01-05 21:56:00.556000,7432.0,7316.9,33,27
2020-01-05 21:56:00.757000,7431.5,7316.4,33,27
2020-01-05 21:56:00.962000,7431.3,7316.2,33,27
2020-01-05 21:56:01.162000,7431.9,7316.8,33,27
2020-01-05 21:56:01.560000,7432.1,7317.0,33,27
2020-01-05 21:56:02.003000,7432.0,7316.9,33,27
2020-01-05 21:56:02.193000,7431.8,7316.7,33,27
2020-01-05 21:56:02.392000,7431.9,7316.8,33,27
2020-01-05 21:56:05.115000,7432.2,7317.1,33,27
2020-01-05 21:56:05.989000,7432.7,7317.6,33,27
2020-01-05 21:56:06.189000,7432.8,7317.7,33,27
2020-01-05 21:56:07.752000,7432.7,7317.6,33,27
2020-01-05 21:56:10.698000,7432.8,7317.7,33,27
2020-01-05 21:56:11.169000,7432.8,7317.8,33,27
2020-01-05 21:56:12.371000,7432.9,7317.8,33,27
2020-01-05 21:56:17.091000,7433.0,7317.9,33,27
2020-01-05 21:56:18.343000,7432.9,7317.8,33,27
2020-01-05 21:56:20.984000,7433.0,7317.9,33,27
