
2020-01-05 21:00:01.289000,74868.0,73718.0,33,27
2020-01-05 21:00:01.488000,74868.0,73717.0,33,27
2020-01-05 21:00:03.891000,74868.0,73718.0,33,27
2020-01-05 21:00:04.149000,74863.0,73712.0,33,27
2020-01-05 21:00:04.287000,74861.0,73710.0,33,27
2020-01-05 21:00:04.487000,74863.0,73712.0,33,27
2020-01-05 21:00:04.888000,74866.0,73715.0,33,27
2020-01-05 21:00:05.087000,74860.0,73709.0,33,27
2020-01-05 21:00:05.287000,74861.0,73710.0,33,27
2020-01-05 21:00:05.530000,74856.0,73705.0,33,27
2020-01-05 21:00:05.901000,74857.0,73706.0,33,27
2020-01-05 21:00:06.102000,74854.0,73703.0,33,27
2020-01-05 21:00:07.044000,74853.0,73702.0,33,27
2020-01-05 21:00:07.509000,74846.0,73695.0,33,27
2020-01-05 21:00:07.709000,74844.0,73693.0,33,27
2020-01-05 21:00:08.073000,74848.0,73697.0,33,27
2020-01-05 21:00:08.274000,74847.0,73696.0,33,27
2020-01-05 21:00:08.521000,74845.0,73694.0,33,27
2020-01-05 21:00:09.902000,74851.0,73701.0,33,27
2020-01-05 21:00:10.246000,74847.0,73696.0,33,27
2020-01-05 21:00:11.172000,74852.0,73702.0,33,27
2020-01-05 21:00:11.370000,74853.0,73702.0,33,27
2020-01-05 21:00:12.182000,74852.0,73702.0,33,27
2020-01-05 21:00:13.254000,74853.0,73702.0,33,27
2020-01-05 21:00:13.452000,74849.0,73698.0,33,27
2020-01-05 21:00:13.685000,74844.0,73694.0,33,27
2020-01-05 21:00:14.075000,74847.0,73697.0,33,27
2020-01-05 21:00:14.275000,74846.0,73695.0,33,27
2020-01-05 21:00:15.161000,74835.0,73684.0,33,27
2020-01-05 21:00:15.363000,74832.0,73681.0,33,27
2020-01-05 21:00:15.562000,74830.0,73679.0,33,27
2020-01-05 21:00:15.760000,74827.0,73676.0,33,27
2020-01-05 21:00:15.962000,74826.0,73675.0,33,27
2020-01-05 21:00:16.162000,74822.0,73671.0,33,27
2020-01-05 21:00:16.773000,74823.0,73672.0,33,27
2020-01-05 21:00:16.974000,74822.0,73671.0,33,27
2020-01-05 21:00:18.803000,74821.0,73670.0,33,27
2020-01-05 21:00:19.380000,74823.0,73672.0,33,27
2020-01-05 21:00:19.805000,74824.0,73673.0,33,27
2020-01-05 21:00:20.003000,74825.0,73674.0,33,27
2020-01-05 21:00:20.202000,74834.0,73683.0,33,27
2020-01-05 21:00:20.683000,74833.0,73682.0,33,27
2020-01-05 21:00:20.883000,74839.0,73688.0,33,27
2020-01-05 21:00:22.710000,74837.0,73686.0,33,27
2020-01-05 21:00:28.418000,74836.0,73685.0,33,27
2020-01-05 21:00:29.218000,74837.0,73686.0,33,27
2020-01-05 21:00:29.419000,74836.0,73685.0,33,27
2020-01-05 21:00:31.762000,74830.0,73679.0,33,27
2020-01-05 21:00:32.026000,74832.0,73681.0,33,27
2020-01-05 21:00:32.887000,74831.0,73680.0,33,27
2020-01-05 21:00:33.736000,74827.0,73676.0,33,27
2020-01-05 21:00:38.046000,74826.0,73676.0,33,27
2020-01-05 21:00:39.052000,74831.0,73680.0,33,27
2020-01-05 21:00:40.986000,74828.0,73677.0,33,27
2020-01-05 21:00:41.184000,74826.0,73675.0,33,27
2020-01-05 21:00:41.458000,74811.0,73660.0,33,27
2020-01-05 21:00:49.144000,74806.0,73655.0,33,27
2020-01-05 21:00:53.086000,74813.0,73662.0,33,27
2020-01-05 21:00:53.284000,74819.0,73668.0,33,27
2020-01-05 21:00:53.710000,74820.0,73669.0,33,27
2020-01-05 21:00:54.361000,74817.0,73667.0,33,27
2020-01-05 21:00:54.562000,74817.0,73666.0,33,27
2020-01-05 21:00:54.763000,74818.0,73667.0,33,27
2020-01-05 21:00:54.963000,74817.0,73666.0,33,27
2020-01-05 21:00:55.163000,74815.0,73664.0,33,27
2020-01-05 21:00:55.362000,74816.0,73665.0,33,27
2020-01-05 21:00:55.562000,74815.0,73665.0,33,27
2020-01-05 21:00:55.762000,74815.0,73664.0,33,27
2020-01-05 21:00:55.961000,74816.0,73665.0,33,27
2020-01-05 21:00:56.763000,74815.0,73665.0,33,27
2020-01-05 21:00:56.961000,74820.0,73669.0,33,27
2020-01-05 21:01:03.183000,74819.0,73669.0,33,27
2020-01-05 21:01:04.116000,74818.0,73667.0,33,27
2020-01-05 21:01:33.763000,74820.0,73669.0,33,27
2020-01-05 21:01:43.245000,74821.0,73670.0,33,27
2020-01-05 21:01:44.862000,74820.0,73669.0,33,27
2020-01-05 21:01:46.165000,74818.0,73667.0,33,27
2020-01-05 21:01:46.540000,74817.0,73666.0,33,27
2020-01-05 21:01:49.041000,74812.0,73661.0,33,27
2020-01-05 21:01:51.603000,74811.0,73661.0,33,27
2020-01-05 21:01:53.872000,74807.0,73656.0,33,27
2020-01-05 21:01:54.072000,74806.0,73655.0,33,27
2020-01-05 21:01:55.672000,74805.0,73655.0,33,27
2020-01-05 21:01:55.878000,74807.0,73656.0,33,27
2020-01-05 21:01:56.273000,74806.0,73655.0,33,27
2020-01-05 21:01:56.472000,74807.0,73656.0,33,27
2020-01-05 21:01:56.672000,74806.0,73655.0,33,27
2020-01-05 21:01:57.073000,74805.0,73654.0,33,27
2020-01-05 21:01:59.073000,74806.0,73655.0,33,27
2020-01-05 21:01:59.273000,74805.0,73654.0,33,27
2020-01-05 21:01:59.874000,74805.0,73655.0,33,27
2020-01-05 21:02:00.073000,74805.0,73654.0,33,27
2020-01-05 21:02:02.877000,74805.0,73655.0,33,27
2020-01-05 21:02:03.074000,74805.0,73654.0,33,27
2020-01-05 21:02:03.875000,74805.0,73655.0,33,27
2020-01-05 21:02:04.274000,74805.0,73654.0,33,27
2020-01-05 21:02:04.876000,74805.0,73655.0,33,27
2020-01-05 21:02:05.073000,74805.0,73654.0,33,27
2020-01-05 21:02:05.673000,74805.0,73655.0,33,27
2020-01-05 21:02:06.073000,74806.0,73655.0,33,27
2020-01-05 21:02:06.272000,74805.0,73654.0,33,27
2020-01-05 21:02:06.474000,74806.0,73655.0,33,27
2020-01-05 21:02:07.073000,74805.0,73654.0,33,27
2020-01-05 21:02:07.873000,74805.0,73655.0,33,27
2020-01-05 21:02:08.073000,74805.0,73654.0,33,27
2020-01-05 21:02:08.272000,74805.0,73655.0,33,27
2020-01-05 21:02:08.673000,74806.0,73655.0,33,27
2020-01-05 21:02:09.273000,74805.0,73654.0,33,27
2020-01-05 21:02:09.472000,74806.0,73655.0,33,27
2020-01-05 21:02:09.673000,74805.0,73655.0,33,27
2020-01-05 21:02:09.873000,74806.0,73655.0,33,27
2020-01-05 21:02:14.073000,74805.0,73654.0,33,27
2020-01-05 21:02:15.073000,74806.0,73655.0,33,27
2020-01-05 21:02:15.274000,74805.0,73654.0,33,27
2020-01-05 21:02:15.472000,74806.0,73655.0,33,27
2020-01-05 21:02:15.673000,74806.0,73656.0,33,27
2020-01-05 21:02:16.473000,74806.0,73655.0,33,27
2020-01-05 21:02:18.735000,74806.0,73656.0,33,27
2020-01-05 21:02:18.935000,74805.0,73654.0,33,27
2020-01-05 21:02:19.136000,74806.0,73655.0,33,27
2020-01-05 21:02:19.345000,74805.0,73654.0,33,27
2020-01-05 21:02:19.534000,74806.0,73655.0,33,27
2020-01-05 21:02:19.935000,74802.0,73652.0,33,27
2020-01-05 21:02:20.136000,74801.0,73650.0,33,27
2020-01-05 21:02:20.344000,74800.0,73649.0,33,27
2020-01-05 21:02:35.381000,74799.0,73648.0,33,27
2020-01-05 21:02:36.256000,74797.0,73646.0,33,27
2020-01-05 21:02:36.755000,74793.0,73642.0,33,27
2020-01-05 21:02:36.956000,74791.0,73640.0,33,27
2020-01-05 21:02:37.154000,74789.0,73638.0,33,27
2020-01-05 21:02:37.387000,74792.0,73641.0,33,27
2020-01-05 21:02:37.586000,74786.0,73635.0,33,27
2020-01-05 21:02:37.784000,74780.0,73629.0,33,27
2020-01-05 21:02:37.985000,74782.0,73631.0,33,27
2020-01-05 21:02:38.184000,74773.0,73622.0,33,27
2020-01-05 21:02:38.384000,74767.0,73616.0,33,27
2020-01-05 21:02:38.708000,74779.0,73628.0,33,27
2020-01-05 21:02:39.044000,74757.0,73606.0,33,27
2020-01-05 21:02:39.481000,74761.0,73610.0,33,27
2020-01-05 21:02:40.729000,74756.0,73605.0,33,27
2020-01-05 21:02:41.996000,74760.0,73610.0,33,27
2020-01-05 21:02:42.763000,74765.0,73614.0,33,27
2020-01-05 21:02:43.241000,74738.0,73587.0,33,27
2020-01-05 21:02:44.014000,74737.0,73586.0,33,27
2020-01-05 21:02:44.370000,74736.0,73585.0,33,27
2020-01-05 21:02:46.118000,74741.0,73590.0,33,27
2020-01-05 21:02:47.341000,74742.0,73591.0,33,27
2020-01-05 21:02:48.971000,74745.0,73594.0,33,27
2020-01-05 21:02:49.343000,74743.0,73592.0,33,27
2020-01-05 21:02:49.546000,74738.0,73587.0,33,27
2020-01-05 21:02:52.892000,74737.0,73586.0,33,27
2020-01-05 21:02:53.091000,74730.0,73579.0,33,27
2020-01-05 21:02:53.292000,74722.0,73572.0,33,27
2020-01-05 21:02:53.492000,74723.0,73572.0,33,27
2020-01-05 21:02:53.691000,74718.0,73567.0,33,27
2020-01-05 21:02:53.916000,74719.0,73568.0,33,27
2020-01-05 21:02:54.265000,74710.0,73560.0,33,27
2020-01-05 21:02:58.353000,74705.0,73555.0,33,27
2020-01-05 21:03:00.985000,74698.0,73547.0,33,27
2020-01-05 21:03:01.253000,74703.0,73552.0,33,27
2020-01-05 21:03:01.455000,74697.0,73546.0,33,27
2020-01-05 21:03:01.654000,74682.0,73531.0,33,27
2020-01-05 21:03:01.859000,74675.0,73524.0,33,27
2020-01-05 21:03:02.833000,74685.0,73534.0,33,27
2020-01-05 21:03:03.295000,74670.0,73519.0,33,27
2020-01-05 21:03:03.762000,74675.0,73524.0,33,27
2020-01-05 21:03:03.963000,74669.0,73519.0,33,27
2020-01-05 21:03:04.162000,74670.0,73519.0,33,27
2020-01-05 21:03:06.070000,74673.0,73522.0,33,27
2020-01-05 21:03:06.361000,74650.0,73499.0,33,27
2020-01-05 21:03:07.753000,74655.0,73504.0,33,27
2020-01-05 21:03:08.128000,74652.0,73501.0,33,27
2020-01-05 21:03:09.360000,74649.0,73498.0,33,27
2020-01-05 21:03:09.803000,74667.0,73516.0,33,27
2020-01-05 21:03:10.144000,74655.0,73504.0,33,27
2020-01-05 21:03:11.780000,74662.0,73511.0,33,27
2020-01-05 21:03:14.380000,74667.0,73516.0,33,27
2020-01-05 21:03:15.004000,74676.0,73525.0,33,27
2020-01-05 21:03:15.205000,74683.0,73532.0,33,27
2020-01-05 21:03:15.561000,74686.0,73535.0,33,27
2020-01-05 21:03:16.038000,74690.0,73539.0,33,27
2020-01-05 21:03:17.418000,74650.0,73499.0,33,27
2020-01-05 21:03:17.688000,74642.0,73491.0,33,27
2020-01-05 21:03:17.888000,74640.0,73489.0,33,27
2020-01-05 21:03:18.494000,74645.0,73494.0,33,27
2020-01-05 21:03:18.890000,74644.0,73494.0,33,27
2020-01-05 21:03:19.784000,74644.0,73493.0,33,27
2020-01-05 21:03:20.984000,74651.0,73500.0,33,27
2020-01-05 21:03:21.365000,74655.0,73505.0,33,27
2020-01-05 21:03:21.565000,74652.0,73501.0,33,27
2020-01-05 21:03:22.365000,74651.0,73501.0,33,27
2020-01-05 21:03:22.567000,74651.0,73500.0,33,27
2020-01-05 21:03:23.364000,74652.0,73501.0,33,27
2020-01-05 21:03:23.765000,74653.0,73502.0,33,27
2020-01-05 21:03:23.964000,74652.0,73501.0,33,27
2020-01-05 21:03:24.166000,74649.0,73498.0,33,27
2020-01-05 21:03:25.161000,74652.0,73501.0,33,27
2020-01-05 21:03:25.429000,74658.0,73507.0,33,27
2020-01-05 21:03:25.627000,74659.0,73508.0,33,27
2020-01-05 21:03:25.827000,74657.0,73506.0,33,27
2020-01-05 21:03:26.041000,74660.0,73509.0,33,27
2020-01-05 21:03:26.233000,74659.0,73508.0,33,27
2020-01-05 21:03:26.428000,74660.0,73509.0,33,27
2020-01-05 21:03:27.035000,74664.0,73513.0,33,27
2020-01-05 21:03:27.233000,74665.0,73514.0,33,27
2020-01-05 21:03:28.188000,74664.0,73514.0,33,27
2020-01-05 21:03:29.112000,74670.0,73519.0,33,27
2020-01-05 21:03:29.533000,74662.0,73511.0,33,27
2020-01-05 21:03:30.307000,74661.0,73510.0,33,27
2020-01-05 21:03:32.815000,74670.0,73519.0,33,27
2020-01-05 21:03:34.045000,74670.0,73520.0,33,27
2020-01-05 21:03:34.246000,74671.0,73521.0,33,27
2020-01-05 21:03:34.647000,74671.0,73520.0,33,27
2020-01-05 21:03:34.845000,74672.0,73521.0,33,27
2020-01-05 21:03:35.445000,74679.0,73528.0,33,27
2020-01-05 21:03:35.645000,74677.0,73526.0,33,27
2020-01-05 21:03:35.846000,74673.0,73522.0,33,27
2020-01-05 21:03:38.322000,74677.0,73526.0,33,27
2020-01-05 21:03:38.720000,74674.0,73523.0,33,27
2020-01-05 21:03:39.837000,74680.0,73529.0,33,27
2020-01-05 21:03:40.040000,74678.0,73527.0,33,27
2020-01-05 21:03:40.438000,74679.0,73528.0,33,27
2020-01-05 21:03:41.237000,74679.0,73529.0,33,27
2020-01-05 21:03:41.438000,74680.0,73529.0,33,27
2020-01-05 21:03:41.838000,74683.0,73532.0,33,27
2020-01-05 21:03:42.237000,74684.0,73533.0,33,27
2020-01-05 21:03:42.438000,74681.0,73531.0,33,27
2020-01-05 21:03:42.639000,74682.0,73532.0,33,27
2020-01-05 21:03:42.839000,74685.0,73534.0,33,27
2020-01-05 21:03:43.038000,74683.0,73532.0,33,27
2020-01-05 21:03:43.239000,74682.0,73532.0,33,27
2020-01-05 21:03:43.437000,74683.0,73532.0,33,27
2020-01-05 21:03:43.637000,74682.0,73531.0,33,27
2020-01-05 21:03:43.838000,74683.0,73532.0,33,27
2020-01-05 21:03:44.698000,74682.0,73532.0,33,27
2020-01-05 21:03:44.897000,74683.0,73532.0,33,27
2020-01-05 21:03:45.100000,74689.0,73538.0,33,27
2020-01-05 21:03:45.298000,74683.0,73532.0,33,27
2020-01-05 21:03:45.498000,74688.0,73537.0,33,27
2020-01-05 21:03:45.698000,74686.0,73535.0,33,27
2020-01-05 21:03:45.900000,74688.0,73537.0,33,27
2020-01-05 21:03:46.098000,74684.0,73533.0,33,27
2020-01-05 21:03:47.698000,74683.0,73532.0,33,27
2020-01-05 21:03:48.053000,74683.0,73533.0,33,27
2020-01-05 21:03:48.472000,74682.0,73531.0,33,27
2020-01-05 21:03:48.866000,74681.0,73530.0,33,27
2020-01-05 21:03:49.065000,74682.0,73531.0,33,27
2020-01-05 21:03:49.465000,74682.0,73532.0,33,27
2020-01-05 21:03:49.666000,74681.0,73530.0,33,27
2020-01-05 21:03:49.866000,74682.0,73531.0,33,27
2020-01-05 21:03:50.065000,74689.0,73538.0,33,27
2020-01-05 21:03:50.686000,74691.0,73540.0,33,27
2020-01-05 21:03:51.286000,74693.0,73542.0,33,27
2020-01-05 21:03:51.486000,74690.0,73539.0,33,27
2020-01-05 21:03:51.688000,74691.0,73540.0,33,27
2020-01-05 21:03:51.888000,74692.0,73541.0,33,27
2020-01-05 21:03:52.089000,74691.0,73540.0,33,27
2020-01-05 21:03:52.900000,74690.0,73540.0,33,27
2020-01-05 21:03:53.101000,74692.0,73541.0,33,27
2020-01-05 21:03:55.100000,74694.0,73543.0,33,27
2020-01-05 21:03:56.101000,74693.0,73542.0,33,27
2020-01-05 21:03:56.901000,74693.0,73543.0,33,27
2020-01-05 21:03:57.101000,74695.0,73544.0,33,27
2020-01-05 21:03:57.300000,74691.0,73540.0,33,27
2020-01-05 21:03:57.501000,74690.0,73540.0,33,27
2020-01-05 21:03:58.140000,74695.0,73544.0,33,27
2020-01-05 21:03:59.682000,74694.0,73543.0,33,27
2020-01-05 21:04:00.082000,74694.0,73544.0,33,27
2020-01-05 21:04:00.281000,74694.0,73543.0,33,27
2020-01-05 21:04:00.482000,74690.0,73540.0,33,27
2020-01-05 21:04:00.681000,74691.0,73540.0,33,27
2020-01-05 21:04:01.280000,74690.0,73539.0,33,27
2020-01-05 21:04:01.484000,74695.0,73544.0,33,27
2020-01-05 21:04:01.882000,74696.0,73545.0,33,27
2020-01-05 21:04:02.081000,74695.0,73544.0,33,27
2020-01-05 21:04:02.430000,74695.0,73545.0,33,27
2020-01-05 21:04:03.421000,74697.0,73546.0,33,27
2020-01-05 21:04:05.427000,74696.0,73545.0,33,27
2020-01-05 21:04:06.102000,74696.0,73546.0,33,27
2020-01-05 21:04:06.302000,74696.0,73545.0,33,27
2020-01-05 21:04:06.502000,74698.0,73547.0,33,27
2020-01-05 21:04:11.547000,74695.0,73545.0,33,27
2020-01-05 21:04:11.779000,74698.0,73547.0,33,27
2020-01-05 21:04:12.381000,74700.0,73549.0,33,27
2020-01-05 21:04:12.579000,74706.0,73555.0,33,27
2020-01-05 21:04:12.780000,74706.0,73556.0,33,27
2020-01-05 21:04:13.180000,74706.0,73555.0,33,27
2020-01-05 21:04:13.379000,74708.0,73557.0,33,27
2020-01-05 21:04:14.627000,74712.0,73561.0,33,27
2020-01-05 21:04:14.954000,74714.0,73563.0,33,27
2020-01-05 21:04:16.655000,74716.0,73565.0,33,27
2020-01-05 21:04:19.935000,74715.0,73564.0,33,27
2020-01-05 21:04:20.505000,74714.0,73563.0,33,27
2020-01-05 21:04:20.935000,74710.0,73559.0,33,27
2020-01-05 21:04:21.136000,74706.0,73555.0,33,27
2020-01-05 21:04:21.787000,74710.0,73559.0,33,27
2020-01-05 21:04:22.609000,74706.0,73555.0,33,27
2020-01-05 21:04:23.011000,74702.0,73551.0,33,27
2020-01-05 21:04:23.210000,74700.0,73549.0,33,27
2020-01-05 21:04:23.408000,74699.0,73548.0,33,27
2020-01-05 21:04:25.027000,74695.0,73544.0,33,27
2020-01-05 21:04:26.111000,74694.0,73543.0,33,27
2020-01-05 21:04:27.229000,74691.0,73541.0,33,27
2020-01-05 21:04:27.985000,74692.0,73541.0,33,27
2020-01-05 21:04:29.314000,74690.0,73539.0,33,27
2020-01-05 21:04:30.117000,74688.0,73538.0,33,27
2020-01-05 21:04:30.317000,74689.0,73538.0,33,27
2020-01-05 21:04:30.519000,74690.0,73539.0,33,27
2020-01-05 21:04:30.717000,74689.0,73538.0,33,27
2020-01-05 21:04:31.115000,74686.0,73535.0,33,27
2020-01-05 21:04:32.120000,74685.0,73534.0,33,27
2020-01-05 21:04:32.720000,74683.0,73532.0,33,27
2020-01-05 21:04:32.919000,74682.0,73531.0,33,27
2020-01-05 21:04:33.786000,74681.0,73530.0,33,27
2020-01-05 21:04:34.516000,74683.0,73532.0,33,27
2020-01-05 21:04:35.115000,74682.0,73531.0,33,27
2020-01-05 21:04:37.176000,74682.0,73532.0,33,27
2020-01-05 21:04:37.718000,74682.0,73531.0,33,27
2020-01-05 21:04:41.254000,74684.0,73533.0,33,27
2020-01-05 21:04:41.854000,74682.0,73531.0,33,27
2020-01-05 21:04:42.281000,74683.0,73533.0,33,27
2020-01-05 21:04:42.455000,74682.0,73531.0,33,27
2020-01-05 21:04:45.317000,74662.0,73511.0,33,27
2020-01-05 21:04:45.699000,74664.0,73514.0,33,27
2020-01-05 21:04:46.099000,74668.0,73517.0,33,27
2020-01-05 21:04:48.834000,74667.0,73516.0,33,27
2020-01-05 21:04:49.034000,74670.0,73519.0,33,27
2020-01-05 21:04:49.432000,74669.0,73518.0,33,27
2020-01-05 21:04:49.634000,74670.0,73519.0,33,27
2020-01-05 21:04:50.035000,74668.0,73517.0,33,27
2020-01-05 21:04:50.234000,74670.0,73519.0,33,27
2020-01-05 21:04:50.833000,74666.0,73515.0,33,27
2020-01-05 21:04:51.836000,74668.0,73517.0,33,27
2020-01-05 21:04:52.233000,74667.0,73516.0,33,27
2020-01-05 21:04:52.806000,74668.0,73517.0,33,27
2020-01-05 21:04:53.223000,74669.0,73518.0,33,27
2020-01-05 21:04:54.750000,74671.0,73520.0,33,27
2020-01-05 21:04:54.951000,74673.0,73522.0,33,27
2020-01-05 21:04:55.151000,74674.0,73523.0,33,27
2020-01-05 21:04:55.350000,74676.0,73525.0,33,27
2020-01-05 21:04:55.751000,74673.0,73522.0,33,27
2020-01-05 21:04:55.950000,74673.0,73523.0,33,27
2020-01-05 21:04:56.150000,74676.0,73525.0,33,27
2020-01-05 21:04:56.350000,74674.0,73523.0,33,27
2020-01-05 21:04:56.752000,74681.0,73530.0,33,27
2020-01-05 21:04:58.047000,74686.0,73535.0,33,27
2020-01-05 21:04:58.448000,74687.0,73536.0,33,27
2020-01-05 21:04:58.647000,74686.0,73536.0,33,27
2020-01-05 21:04:58.856000,74686.0,73535.0,33,27
2020-01-05 21:04:59.056000,74693.0,73542.0,33,27
2020-01-05 21:05:01.059000,74694.0,73543.0,33,27
2020-01-05 21:05:01.667000,74696.0,73545.0,33,27
2020-01-05 21:05:02.063000,74693.0,73542.0,33,27
2020-01-05 21:05:03.018000,74692.0,73541.0,33,27
2020-01-05 21:05:03.818000,74694.0,73543.0,33,27
2020-01-05 21:05:04.020000,74695.0,73544.0,33,27
2020-01-05 21:05:05.146000,74696.0,73546.0,33,27
2020-01-05 21:05:06.271000,74695.0,73544.0,33,27
2020-01-05 21:05:07.070000,74697.0,73546.0,33,27
2020-01-05 21:05:07.871000,74696.0,73545.0,33,27
2020-01-05 21:05:08.318000,74695.0,73544.0,33,27
2020-01-05 21:05:08.517000,74695.0,73545.0,33,27
2020-01-05 21:05:08.717000,74695.0,73544.0,33,27
2020-01-05 21:05:11.296000,74696.0,73545.0,33,27
2020-01-05 21:05:13.498000,74695.0,73544.0,33,27
2020-01-05 21:05:13.721000,74696.0,73545.0,33,27
2020-01-05 21:05:13.921000,74695.0,73544.0,33,27
2020-01-05 21:05:15.321000,74697.0,73546.0,33,27
2020-01-05 21:05:15.521000,74696.0,73545.0,33,27
2020-01-05 21:05:16.410000,74697.0,73546.0,33,27
2020-01-05 21:05:18.630000,74696.0,73545.0,33,27
2020-01-05 21:05:18.923000,74697.0,73546.0,33,27
2020-01-05 21:05:19.125000,74696.0,73545.0,33,27
2020-01-05 21:05:22.771000,74697.0,73546.0,33,27
2020-01-05 21:05:28.996000,74696.0,73545.0,33,27
2020-01-05 21:05:29.220000,74695.0,73544.0,33,27
2020-01-05 21:05:30.541000,74693.0,73542.0,33,27
2020-01-05 21:05:30.985000,74691.0,73540.0,33,27
2020-01-05 21:05:32.192000,74690.0,73539.0,33,27
2020-01-05 21:05:36.012000,74691.0,73540.0,33,27
2020-01-05 21:05:37.297000,74693.0,73542.0,33,27
2020-01-05 21:05:37.700000,74694.0,73543.0,33,27
2020-01-05 21:05:37.901000,74693.0,73542.0,33,27
2020-01-05 21:05:38.560000,74695.0,73544.0,33,27
2020-01-05 21:05:45.739000,74697.0,73546.0,33,27
2020-01-05 21:05:47.878000,74706.0,73555.0,33,27
2020-01-05 21:05:48.518000,74709.0,73558.0,33,27
2020-01-05 21:05:49.952000,74712.0,73561.0,33,27
2020-01-05 21:05:53.079000,74711.0,73560.0,33,27
2020-01-05 21:06:04.284000,74713.0,73562.0,33,27
2020-01-05 21:06:08.120000,74712.0,73562.0,33,27
2020-01-05 21:06:20.990000,74713.0,73562.0,33,27
2020-01-05 21:06:21.185000,74717.0,73566.0,33,27
2020-01-05 21:06:23.298000,74716.0,73565.0,33,27
2020-01-05 21:06:27.640000,74707.0,73556.0,33,27
2020-01-05 21:06:28.055000,74706.0,73555.0,33,27
2020-01-05 21:06:41.377000,74711.0,73560.0,33,27
2020-01-05 21:06:53.483000,74713.0,73562.0,33,27
2020-01-05 21:06:56.096000,74714.0,73563.0,33,27
2020-01-05 21:07:04.608000,74709.0,73558.0,33,27
2020-01-05 21:07:05.638000,74708.0,73557.0,33,27
2020-01-05 21:07:06.637000,74707.0,73556.0,33,27
2020-01-05 21:07:07.882000,74708.0,73557.0,33,27
2020-01-05 21:07:11.980000,74710.0,73559.0,33,27
2020-01-05 21:07:13.048000,74711.0,73560.0,33,27
2020-01-05 21:07:17.296000,74710.0,73560.0,33,27
2020-01-05 21:07:18.307000,74712.0,73561.0,33,27
2020-01-05 21:07:20.304000,74710.0,73560.0,33,27
2020-01-05 21:07:21.602000,74715.0,73564.0,33,27
2020-01-05 21:07:23.500000,74713.0,73562.0,33,27
2020-01-05 21:07:24.485000,74715.0,73564.0,33,27
2020-01-05 21:07:28.997000,74717.0,73566.0,33,27
2020-01-05 21:07:33.421000,74729.0,73578.0,33,27
2020-01-05 21:07:38.471000,74726.0,73576.0,33,27
2020-01-05 21:07:43.505000,74732.0,73581.0,33,27
2020-01-05 21:07:46.446000,74735.0,73584.0,33,27
2020-01-05 21:07:50.285000,74736.0,73585.0,33,27
2020-01-05 21:08:00.345000,74736.0,73586.0,33,27
2020-01-05 21:08:32.063000,74735.0,73584.0,33,27
2020-01-05 21:08:33.500000,74730.0,73579.0,33,27
2020-01-05 21:08:34.425000,74729.0,73578.0,33,27
2020-01-05 21:08:36.641000,74724.0,73574.0,33,27
2020-01-05 21:08:36.842000,74727.0,73576.0,33,27
2020-01-05 21:08:39.509000,74724.0,73573.0,33,27
2020-01-05 21:08:41.134000,74722.0,73571.0,33,27
2020-01-05 21:08:41.429000,74724.0,73573.0,33,27
2020-01-05 21:08:43.615000,74719.0,73568.0,33,27
2020-01-05 21:08:45.417000,74718.0,73568.0,33,27
2020-01-05 21:08:46.278000,74718.0,73567.0,33,27
2020-01-05 21:08:46.733000,74715.0,73564.0,33,27
2020-01-05 21:08:47.796000,74714.0,73563.0,33,27
2020-01-05 21:08:50.984000,74719.0,73568.0,33,27
2020-01-05 21:08:51.343000,74715.0,73564.0,33,27
2020-01-05 21:09:06.235000,74713.0,73563.0,33,27
2020-01-05 21:09:07.470000,74713.0,73562.0,33,27
2020-01-05 21:09:10.766000,74714.0,73563.0,33,27
2020-01-05 21:09:14.261000,74713.0,73562.0,33,27
2020-01-05 21:09:15.828000,74712.0,73561.0,33,27
2020-01-05 21:09:31.729000,74716.0,73565.0,33,27
2020-01-05 21:09:32.483000,74712.0,73562.0,33,27
2020-01-05 21:09:51.786000,74716.0,73565.0,33,27
2020-01-05 21:09:53.276000,74718.0,73567.0,33,27
2020-01-05 21:09:53.591000,74719.0,73568.0,33,27
2020-01-05 21:09:56.118000,74722.0,73571.0,33,27
2020-01-05 21:09:57.815000,74719.0,73568.0,33,27
2020-01-05 21:10:19.455000,74743.0,73592.0,33,27
2020-01-05 21:10:20.778000,74744.0,73593.0,33,27
2020-01-05 21:10:21.774000,74743.0,73592.0,33,27
2020-01-05 21:10:22.767000,74747.0,73596.0,33,27
2020-01-05 21:10:28.005000,74748.0,73597.0,33,27
2020-01-05 21:10:28.989000,74747.0,73596.0,33,27
2020-01-05 21:10:30.048000,74737.0,73586.0,33,27
2020-01-05 21:10:31.080000,74741.0,73590.0,33,27
2020-01-05 21:10:34.173000,74739.0,73588.0,33,27
2020-01-05 21:10:35.242000,74745.0,73594.0,33,27
2020-01-05 21:10:37.259000,74741.0,73590.0,33,27
2020-01-05 21:10:38.344000,74739.0,73588.0,33,27
2020-01-05 21:10:39.369000,74741.0,73590.0,33,27
2020-01-05 21:10:40.459000,74744.0,73593.0,33,27
2020-01-05 21:10:40.858000,74741.0,73590.0,33,27
2020-01-05 21:10:48.720000,74739.0,73588.0,33,27
2020-01-05 21:10:49.211000,74737.0,73586.0,33,27
2020-01-05 21:10:49.480000,74738.0,73587.0,33,27
2020-01-05 21:10:49.980000,74735.0,73584.0,33,27
2020-01-05 21:10:50.469000,74734.0,73583.0,33,27
2020-01-05 21:10:50.685000,74737.0,73586.0,33,27
2020-01-05 21:10:51.611000,74734.0,73583.0,33,27
2020-01-05 21:10:52.657000,74730.0,73579.0,33,27
2020-01-05 21:10:56.441000,74726.0,73575.0,33,27
2020-01-05 21:10:57.960000,74721.0,73570.0,33,27
2020-01-05 21:11:00.984000,74725.0,73574.0,33,27
2020-01-05 21:11:01.288000,74721.0,73570.0,33,27
2020-01-05 21:11:04.661000,74725.0,73574.0,33,27
2020-01-05 21:11:36.891000,74724.0,73573.0,33,27
2020-01-05 21:11:37.088000,74723.0,73572.0,33,27
2020-01-05 21:11:49.909000,74721.0,73570.0,33,27
2020-01-05 21:11:53.464000,74711.0,73560.0,33,27
2020-01-05 21:11:58.894000,74710.0,73559.0,33,27
2020-01-05 21:12:00.984000,74713.0,73562.0,33,27
2020-01-05 21:12:01.384000,74712.0,73561.0,33,27
2020-01-05 21:12:01.599000,74711.0,73560.0,33,27
2020-01-05 21:12:03.304000,74713.0,73562.0,33,27
2020-01-05 21:12:03.666000,74712.0,73561.0,33,27
2020-01-05 21:12:04.116000,74714.0,73563.0,33,27
2020-01-05 21:12:27.231000,74715.0,73564.0,33,27
2020-01-05 21:12:27.627000,74716.0,73565.0,33,27
2020-01-05 21:12:57.384000,74722.0,73571.0,33,27
2020-01-05 21:13:11.695000,74721.0,73570.0,33,27
2020-01-05 21:13:14.461000,74724.0,73573.0,33,27
2020-01-05 21:13:34.075000,74723.0,73573.0,33,27
2020-01-05 21:13:34.457000,74723.0,73572.0,33,27
2020-01-05 21:13:35.516000,74722.0,73572.0,33,27
2020-01-05 21:13:36.530000,74723.0,73572.0,33,27
2020-01-05 21:13:37.339000,74722.0,73571.0,33,27
2020-01-05 21:13:37.538000,74721.0,73570.0,33,27
2020-01-05 21:13:38.710000,74720.0,73569.0,33,27
2020-01-05 21:13:38.910000,74719.0,73568.0,33,27
2020-01-05 21:13:40.397000,74718.0,73567.0,33,27
2020-01-05 21:13:41.662000,74719.0,73568.0,33,27
2020-01-05 21:13:48.400000,74718.0,73567.0,33,27
2020-01-05 21:13:54.424000,74721.0,73570.0,33,27
2020-01-05 21:13:54.930000,74722.0,73571.0,33,27
2020-01-05 21:13:56.203000,74716.0,73565.0,33,27
2020-01-05 21:13:57.058000,74718.0,73567.0,33,27
2020-01-05 21:13:57.741000,74715.0,73564.0,33,27
2020-01-05 21:14:01.972000,74713.0,73562.0,33,27
2020-01-05 21:14:03.496000,74710.0,73559.0,33,27
2020-01-05 21:14:03.694000,74702.0,73551.0,33,27
2020-01-05 21:14:05.573000,74698.0,73547.0,33,27
2020-01-05 21:14:06.795000,74698.0,73548.0,33,27
2020-01-05 21:14:08.026000,74703.0,73552.0,33,27
2020-01-05 21:14:10.348000,74701.0,73550.0,33,27
2020-01-05 21:14:10.547000,74699.0,73548.0,33,27
2020-01-05 21:14:10.747000,74695.0,73544.0,33,27
2020-01-05 21:14:10.949000,74693.0,73542.0,33,27
2020-01-05 21:14:19.110000,74694.0,73543.0,33,27
2020-01-05 21:14:19.364000,74695.0,73544.0,33,27
2020-01-05 21:14:19.836000,74694.0,73543.0,33,27
2020-01-05 21:14:20.151000,74695.0,73544.0,33,27
2020-01-05 21:14:29.321000,74694.0,73543.0,33,27
2020-01-05 21:14:30.468000,74695.0,73544.0,33,27
2020-01-05 21:14:34.808000,74693.0,73543.0,33,27
2020-01-05 21:14:37.475000,74695.0,73544.0,33,27
2020-01-05 21:14:37.674000,74693.0,73543.0,33,27
2020-01-05 21:14:37.876000,74695.0,73544.0,33,27
2020-01-05 21:14:45.774000,74694.0,73543.0,33,27
2020-01-05 21:14:48.553000,74686.0,73535.0,33,27
2020-01-05 21:14:49.664000,74684.0,73533.0,33,27
2020-01-05 21:14:50.090000,74681.0,73530.0,33,27
2020-01-05 21:14:53.003000,74686.0,73535.0,33,27
2020-01-05 21:14:53.338000,74687.0,73536.0,33,27
2020-01-05 21:14:53.764000,74691.0,73540.0,33,27
2020-01-05 21:15:01.422000,74690.0,73539.0,33,27
2020-01-05 21:15:01.854000,74682.0,73531.0,33,27
2020-01-05 21:15:03.426000,74672.0,73521.0,33,27
2020-01-05 21:15:03.625000,74663.0,73512.0,33,27
2020-01-05 21:15:53.614000,74661.0,73510.0,33,27
2020-01-05 21:15:57.568000,74663.0,73512.0,33,27
2020-01-05 21:16:07.324000,74672.0,73521.0,33,27
2020-01-05 21:16:13.170000,74683.0,73532.0,33,27
2020-01-05 21:16:13.601000,74684.0,73533.0,33,27
2020-01-05 21:16:14.147000,74685.0,73534.0,33,27
2020-01-05 21:16:14.534000,74691.0,73540.0,33,27
2020-01-05 21:16:21.482000,74679.0,73528.0,33,27
2020-01-05 21:16:21.835000,74688.0,73537.0,33,27
2020-01-05 21:16:24.780000,74691.0,73540.0,33,27
2020-01-05 21:16:32.876000,74689.0,73539.0,33,27
2020-01-05 21:16:33.330000,74689.0,73538.0,33,27
2020-01-05 21:16:33.661000,74688.0,73537.0,33,27
2020-01-05 21:16:36.234000,74690.0,73539.0,33,27
2020-01-05 21:16:36.580000,74690.0,73540.0,33,27
2020-01-05 21:16:41.193000,74694.0,73543.0,33,27
2020-01-05 21:16:44.201000,74690.0,73540.0,33,27
2020-01-05 21:16:45.872000,74693.0,73542.0,33,27
2020-01-05 21:18:10.011000,74679.0,73528.0,33,27
2020-01-05 21:18:10.419000,74689.0,73538.0,33,27
2020-01-05 21:18:13.081000,74687.0,73537.0,33,27
2020-01-05 21:18:13.256000,74687.0,73536.0,33,27
2020-01-05 21:18:13.739000,74682.0,73531.0,33,27
2020-01-05 21:18:14.571000,74676.0,73525.0,33,27
2020-01-05 21:18:23.218000,74675.0,73524.0,33,27
2020-01-05 21:18:24.283000,74674.0,73523.0,33,27
2020-01-05 21:18:30.755000,74681.0,73530.0,33,27
2020-01-05 21:18:31.156000,74680.0,73529.0,33,27
2020-01-05 21:18:33.575000,74678.0,73527.0,33,27
2020-01-05 21:18:38.285000,74675.0,73524.0,33,27
2020-01-05 21:18:41.207000,74681.0,73530.0,33,27
2020-01-05 21:18:41.584000,74678.0,73527.0,33,27
2020-01-05 21:18:43.674000,74674.0,73523.0,33,27
2020-01-05 21:18:43.874000,74672.0,73521.0,33,27
2020-01-05 21:18:44.633000,74670.0,73519.0,33,27
2020-01-05 21:18:46.250000,74671.0,73520.0,33,27
2020-01-05 21:18:46.615000,74670.0,73519.0,33,27
2020-01-05 21:18:50.986000,74671.0,73520.0,33,27
2020-01-05 21:19:03.444000,74669.0,73519.0,33,27
2020-01-05 21:19:04.795000,74675.0,73524.0,33,27
2020-01-05 21:19:05.483000,74672.0,73521.0,33,27
2020-01-05 21:19:06.784000,74673.0,73522.0,33,27
2020-01-05 21:19:18.269000,74675.0,73524.0,33,27
2020-01-05 21:19:22.058000,74673.0,73522.0,33,27
2020-01-05 21:19:22.257000,74675.0,73524.0,33,27
2020-01-05 21:19:38.279000,74673.0,73523.0,33,27
2020-01-05 21:19:38.585000,74675.0,73524.0,33,27
2020-01-05 21:19:38.791000,74664.0,73513.0,33,27
2020-01-05 21:19:41.391000,74663.0,73512.0,33,27
2020-01-05 21:19:42.833000,74660.0,73509.0,33,27
2020-01-05 21:19:43.032000,74661.0,73510.0,33,27
2020-01-05 21:19:43.678000,74659.0,73508.0,33,27
2020-01-05 21:19:43.888000,74658.0,73507.0,33,27
2020-01-05 21:19:45.029000,74649.0,73498.0,33,27
2020-01-05 21:19:45.580000,74647.0,73496.0,33,27
2020-01-05 21:19:46.090000,74646.0,73495.0,33,27
2020-01-05 21:19:47.103000,74647.0,73496.0,33,27
2020-01-05 21:19:47.922000,74653.0,73502.0,33,27
2020-01-05 21:19:49.121000,74650.0,73499.0,33,27
2020-01-05 21:19:49.979000,74652.0,73501.0,33,27
2020-01-05 21:19:50.498000,74653.0,73502.0,33,27
2020-01-05 21:19:50.984000,74656.0,73505.0,33,27
2020-01-05 21:19:51.185000,74657.0,73506.0,33,27
2020-01-05 21:19:51.384000,74652.0,73502.0,33,27
2020-01-05 21:19:52.066000,74653.0,73503.0,33,27
2020-01-05 21:19:53.115000,74656.0,73505.0,33,27
2020-01-05 21:19:54.176000,74653.0,73502.0,33,27
2020-01-05 21:19:55.208000,74654.0,73503.0,33,27
2020-01-05 21:19:56.338000,74653.0,73502.0,33,27
2020-01-05 21:19:57.384000,74657.0,73506.0,33,27
2020-01-05 21:19:58.671000,74654.0,73503.0,33,27
2020-01-05 21:19:59.078000,74651.0,73500.0,33,27
2020-01-05 21:19:59.521000,74646.0,73496.0,33,27
2020-01-05 21:20:01.589000,74648.0,73497.0,33,27
2020-01-05 21:20:02.109000,74655.0,73504.0,33,27
2020-01-05 21:20:04.237000,74652.0,73501.0,33,27
2020-01-05 21:20:04.632000,74650.0,73499.0,33,27
2020-01-05 21:20:15.557000,74649.0,73498.0,33,27
2020-01-05 21:20:15.756000,74650.0,73499.0,33,27
2020-01-05 21:20:15.987000,74649.0,73498.0,33,27
2020-01-05 21:20:16.386000,74646.0,73495.0,33,27
2020-01-05 21:20:16.585000,74646.0,73496.0,33,27
2020-01-05 21:20:17.059000,74646.0,73495.0,33,27
2020-01-05 21:20:17.263000,74643.0,73492.0,33,27
2020-01-05 21:20:18.829000,74641.0,73490.0,33,27
2020-01-05 21:20:19.858000,74642.0,73491.0,33,27
2020-01-05 21:20:21.072000,74641.0,73490.0,33,27
2020-01-05 21:20:24.524000,74640.0,73489.0,33,27
2020-01-05 21:20:24.919000,74644.0,73494.0,33,27
2020-01-05 21:20:25.702000,74642.0,73492.0,33,27
2020-01-05 21:20:29.503000,74641.0,73490.0,33,27
2020-01-05 21:20:33.670000,74630.0,73480.0,33,27
2020-01-05 21:20:36.896000,74631.0,73480.0,33,27
2020-01-05 21:20:37.294000,74632.0,73481.0,33,27
2020-01-05 21:20:37.495000,74630.0,73479.0,33,27
2020-01-05 21:20:37.695000,74632.0,73481.0,33,27
2020-01-05 21:20:37.894000,74631.0,73480.0,33,27
2020-01-05 21:20:38.094000,74630.0,73479.0,33,27
2020-01-05 21:20:38.294000,74631.0,73480.0,33,27
2020-01-05 21:20:38.496000,74627.0,73476.0,33,27
2020-01-05 21:20:38.695000,74629.0,73478.0,33,27
2020-01-05 21:20:39.914000,74625.0,73474.0,33,27
2020-01-05 21:20:40.113000,74627.0,73476.0,33,27
2020-01-05 21:20:41.409000,74628.0,73477.0,33,27
2020-01-05 21:20:41.617000,74629.0,73478.0,33,27
2020-01-05 21:20:41.808000,74629.0,73479.0,33,27
2020-01-05 21:20:42.010000,74630.0,73479.0,33,27
2020-01-05 21:20:42.209000,74629.0,73479.0,33,27
2020-01-05 21:20:42.608000,74630.0,73479.0,33,27
2020-01-05 21:20:43.009000,74632.0,73481.0,33,27
2020-01-05 21:20:43.210000,74630.0,73479.0,33,27
2020-01-05 21:20:43.608000,74631.0,73480.0,33,27
2020-01-05 21:20:44.826000,74633.0,73482.0,33,27
2020-01-05 21:20:45.406000,74635.0,73484.0,33,27
2020-01-05 21:20:45.611000,74633.0,73482.0,33,27
2020-01-05 21:20:47.433000,74632.0,73481.0,33,27
2020-01-05 21:20:50.755000,74631.0,73480.0,33,27
2020-01-05 21:20:51.417000,74630.0,73480.0,33,27
2020-01-05 21:20:51.617000,74631.0,73480.0,33,27
2020-01-05 21:20:52.417000,74630.0,73480.0,33,27
2020-01-05 21:20:52.617000,74630.0,73479.0,33,27
2020-01-05 21:20:53.577000,74628.0,73478.0,33,27
2020-01-05 21:20:54.041000,74629.0,73478.0,33,27
2020-01-05 21:20:58.316000,74627.0,73476.0,33,27
2020-01-05 21:20:58.717000,74627.0,73477.0,33,27
2020-01-05 21:20:58.916000,74628.0,73477.0,33,27
2020-01-05 21:20:59.340000,74629.0,73478.0,33,27
2020-01-05 21:20:59.739000,74628.0,73477.0,33,27
2020-01-05 21:21:02.182000,74627.0,73476.0,33,27
2020-01-05 21:21:03.284000,74626.0,73475.0,33,27
2020-01-05 21:21:03.485000,74626.0,73476.0,33,27
2020-01-05 21:21:03.685000,74627.0,73476.0,33,27
2020-01-05 21:21:05.735000,74629.0,73478.0,33,27
2020-01-05 21:21:07.282000,74631.0,73480.0,33,27
2020-01-05 21:21:08.024000,74629.0,73478.0,33,27
2020-01-05 21:21:08.253000,74627.0,73476.0,33,27
2020-01-05 21:21:08.832000,74626.0,73475.0,33,27
2020-01-05 21:21:10.096000,74625.0,73474.0,33,27
2020-01-05 21:21:10.293000,74626.0,73475.0,33,27
2020-01-05 21:21:11.553000,74625.0,73475.0,33,27
2020-01-05 21:21:11.753000,74626.0,73475.0,33,27
2020-01-05 21:21:20.292000,74625.0,73475.0,33,27
2020-01-05 21:21:20.719000,74625.0,73474.0,33,27
2020-01-05 21:21:23.813000,74629.0,73478.0,33,27
2020-01-05 21:21:24.214000,74630.0,73479.0,33,27
2020-01-05 21:21:24.490000,74631.0,73480.0,33,27
2020-01-05 21:21:27.335000,74629.0,73479.0,33,27
2020-01-05 21:21:27.771000,74629.0,73478.0,33,27
2020-01-05 21:21:43.463000,74634.0,73483.0,33,27
2020-01-05 21:21:43.663000,74638.0,73487.0,33,27
2020-01-05 21:21:44.748000,74645.0,73494.0,33,27
2020-01-05 21:21:45.541000,74646.0,73496.0,33,27
2020-01-05 21:21:46.967000,74649.0,73498.0,33,27
2020-01-05 21:21:47.465000,74648.0,73497.0,33,27
2020-01-05 21:21:47.664000,74647.0,73496.0,33,27
2020-01-05 21:21:50.983000,74643.0,73492.0,33,27
2020-01-05 21:21:51.358000,74646.0,73495.0,33,27
2020-01-05 21:21:54.114000,74647.0,73496.0,33,27
2020-01-05 21:21:55.115000,74644.0,73493.0,33,27
2020-01-05 21:21:58.314000,74643.0,73493.0,33,27
2020-01-05 21:21:58.519000,74642.0,73491.0,33,27
2020-01-05 21:21:59.115000,74644.0,73493.0,33,27
2020-01-05 21:21:59.315000,74643.0,73493.0,33,27
2020-01-05 21:22:00.967000,74643.0,73492.0,33,27
2020-01-05 21:22:01.967000,74644.0,73493.0,33,27
2020-01-05 21:22:02.171000,74645.0,73494.0,33,27
2020-01-05 21:22:03.593000,74647.0,73496.0,33,27
2020-01-05 21:22:04.264000,74650.0,73499.0,33,27
2020-01-05 21:22:12.531000,74651.0,73500.0,33,27
2020-01-05 21:22:31.319000,74650.0,73499.0,33,27
2020-01-05 21:22:33.474000,74652.0,73501.0,33,27
2020-01-05 21:22:33.854000,74651.0,73501.0,33,27
2020-01-05 21:22:39.387000,74650.0,73499.0,33,27
2020-01-05 21:22:41.548000,74651.0,73500.0,33,27
2020-01-05 21:22:58.641000,74662.0,73511.0,33,27
2020-01-05 21:23:00.573000,74660.0,73509.0,33,27
2020-01-05 21:23:04.921000,74658.0,73508.0,33,27
2020-01-05 21:23:05.120000,74655.0,73504.0,33,27
2020-01-05 21:23:10.336000,74653.0,73503.0,33,27
2020-01-05 21:23:20.590000,74650.0,73499.0,33,27
2020-01-05 21:23:21.191000,74649.0,73498.0,33,27
2020-01-05 21:23:21.590000,74647.0,73497.0,33,27
2020-01-05 21:23:22.413000,74649.0,73498.0,33,27
2020-01-05 21:23:22.787000,74647.0,73497.0,33,27
2020-01-05 21:23:23.217000,74649.0,73498.0,33,27
2020-01-05 21:23:32.511000,74648.0,73497.0,33,27
2020-01-05 21:23:40.029000,74646.0,73495.0,33,27
2020-01-05 21:23:40.228000,74647.0,73496.0,33,27
2020-01-05 21:23:40.428000,74646.0,73495.0,33,27
2020-01-05 21:23:40.630000,74647.0,73496.0,33,27
2020-01-05 21:23:41.030000,74646.0,73496.0,33,27
2020-01-05 21:23:41.229000,74647.0,73497.0,33,27
2020-01-05 21:23:41.429000,74650.0,73499.0,33,27
2020-01-05 21:23:41.652000,74649.0,73498.0,33,27
2020-01-05 21:23:41.849000,74650.0,73499.0,33,27
2020-01-05 21:23:42.713000,74649.0,73498.0,33,27
2020-01-05 21:23:42.915000,74648.0,73497.0,33,27
2020-01-05 21:23:43.941000,74649.0,73498.0,33,27
2020-01-05 21:23:44.140000,74648.0,73497.0,33,27
2020-01-05 21:23:45.603000,74647.0,73497.0,33,27
2020-01-05 21:23:48.019000,74648.0,73497.0,33,27
2020-01-05 21:23:48.215000,74647.0,73497.0,33,27
2020-01-05 21:23:48.616000,74648.0,73497.0,33,27
2020-01-05 21:23:48.814000,74647.0,73496.0,33,27
2020-01-05 21:23:49.017000,74646.0,73495.0,33,27
2020-01-05 21:23:49.216000,74647.0,73496.0,33,27
2020-01-05 21:23:49.615000,74648.0,73497.0,33,27
2020-01-05 21:23:54.738000,74647.0,73497.0,33,27
2020-01-05 21:23:55.968000,74648.0,73497.0,33,27
2020-01-05 21:23:56.168000,74646.0,73495.0,33,27
2020-01-05 21:24:01.383000,74643.0,73492.0,33,27
2020-01-05 21:24:01.579000,74645.0,73494.0,33,27
2020-01-05 21:24:01.776000,74644.0,73493.0,33,27
2020-01-05 21:24:02.176000,74645.0,73494.0,33,27
2020-01-05 21:24:04.701000,74648.0,73497.0,33,27
2020-01-05 21:24:07.378000,74649.0,73498.0,33,27
2020-01-05 21:24:08.838000,74648.0,73498.0,33,27
2020-01-05 21:24:10.989000,74649.0,73498.0,33,27
2020-01-05 21:24:11.351000,74652.0,73501.0,33,27
2020-01-05 21:24:12.239000,74653.0,73502.0,33,27
2020-01-05 21:24:12.567000,74656.0,73505.0,33,27
2020-01-05 21:24:14.556000,74657.0,73506.0,33,27
2020-01-05 21:24:16.279000,74662.0,73511.0,33,27
2020-01-05 21:24:20.984000,74661.0,73510.0,33,27
2020-01-05 21:24:21.627000,74663.0,73512.0,33,27
2020-01-05 21:24:22.136000,74664.0,73513.0,33,27
2020-01-05 21:24:33.039000,74661.0,73510.0,33,27
2020-01-05 21:24:35.146000,74663.0,73512.0,33,27
2020-01-05 21:24:44.844000,74669.0,73518.0,33,27
2020-01-05 21:24:45.043000,74671.0,73521.0,33,27
2020-01-05 21:24:47.110000,74669.0,73518.0,33,27
2020-01-05 21:24:48.311000,74672.0,73521.0,33,27
2020-01-05 21:24:49.633000,74670.0,73519.0,33,27
2020-01-05 21:24:50.256000,74669.0,73519.0,33,27
2020-01-05 21:24:50.433000,74669.0,73518.0,33,27
2020-01-05 21:24:52.673000,74670.0,73519.0,33,27
2020-01-05 21:24:53.274000,74676.0,73525.0,33,27
2020-01-05 21:24:54.275000,74675.0,73524.0,33,27
2020-01-05 21:24:54.674000,74680.0,73529.0,33,27
2020-01-05 21:24:55.098000,74682.0,73531.0,33,27
2020-01-05 21:24:55.299000,74681.0,73530.0,33,27
2020-01-05 21:24:55.500000,74684.0,73533.0,33,27
2020-01-05 21:24:55.698000,74685.0,73534.0,33,27
2020-01-05 21:24:55.899000,74686.0,73535.0,33,27
2020-01-05 21:24:56.484000,74688.0,73537.0,33,27
2020-01-05 21:24:57.484000,74689.0,73538.0,33,27
2020-01-05 21:24:58.337000,74690.0,73539.0,33,27
2020-01-05 21:24:58.537000,74694.0,73543.0,33,27
2020-01-05 21:24:58.738000,74693.0,73542.0,33,27
2020-01-05 21:24:59.547000,74696.0,73545.0,33,27
2020-01-05 21:25:00.538000,74698.0,73547.0,33,27
2020-01-05 21:25:00.984000,74701.0,73550.0,33,27
2020-01-05 21:25:01.188000,74698.0,73547.0,33,27
2020-01-05 21:25:01.584000,74702.0,73551.0,33,27
2020-01-05 21:25:01.989000,74701.0,73550.0,33,27
2020-01-05 21:25:02.655000,74700.0,73549.0,33,27
2020-01-05 21:25:03.184000,74698.0,73547.0,33,27
2020-01-05 21:25:03.385000,74699.0,73548.0,33,27
2020-01-05 21:25:03.589000,74693.0,73542.0,33,27
2020-01-05 21:25:04.611000,74695.0,73544.0,33,27
2020-01-05 21:25:05.616000,74693.0,73542.0,33,27
2020-01-05 21:25:06.011000,74690.0,73539.0,33,27
2020-01-05 21:25:07.579000,74691.0,73540.0,33,27
2020-01-05 21:25:08.580000,74688.0,73537.0,33,27
2020-01-05 21:25:11.072000,74689.0,73538.0,33,27
2020-01-05 21:25:11.990000,74687.0,73536.0,33,27
2020-01-05 21:25:12.863000,74688.0,73537.0,33,27
2020-01-05 21:25:13.848000,74690.0,73539.0,33,27
2020-01-05 21:25:15.891000,74689.0,73538.0,33,27
2020-01-05 21:25:16.090000,74686.0,73535.0,33,27
2020-01-05 21:25:16.689000,74687.0,73536.0,33,27
2020-01-05 21:25:16.890000,74684.0,73533.0,33,27
2020-01-05 21:25:18.987000,74682.0,73531.0,33,27
2020-01-05 21:25:20.021000,74681.0,73530.0,33,27
2020-01-05 21:25:23.129000,74682.0,73531.0,33,27
2020-01-05 21:25:24.291000,74681.0,73530.0,33,27
2020-01-05 21:25:28.298000,74682.0,73531.0,33,27
2020-01-05 21:25:32.295000,74681.0,73530.0,33,27
2020-01-05 21:25:33.308000,74680.0,73529.0,33,27
2020-01-05 21:25:35.003000,74677.0,73526.0,33,27
2020-01-05 21:25:35.403000,74675.0,73524.0,33,27
2020-01-05 21:25:36.202000,74674.0,73523.0,33,27
2020-01-05 21:25:36.401000,74675.0,73525.0,33,27
2020-01-05 21:25:36.603000,74675.0,73524.0,33,27
2020-01-05 21:25:38.602000,74675.0,73525.0,33,27
2020-01-05 21:25:38.802000,74675.0,73524.0,33,27
2020-01-05 21:25:39.002000,74675.0,73525.0,33,27
2020-01-05 21:25:39.202000,74676.0,73525.0,33,27
2020-01-05 21:25:39.803000,74675.0,73524.0,33,27
2020-01-05 21:25:40.202000,74676.0,73525.0,33,27
2020-01-05 21:25:42.566000,74677.0,73527.0,33,27
2020-01-05 21:25:42.967000,74676.0,73525.0,33,27
2020-01-05 21:25:43.167000,74677.0,73527.0,33,27
2020-01-05 21:25:44.758000,74679.0,73528.0,33,27
2020-01-05 21:25:50.166000,74678.0,73527.0,33,27
2020-01-05 21:25:52.624000,74677.0,73526.0,33,27
2020-01-05 21:26:00.984000,74675.0,73524.0,33,27
2020-01-05 21:26:03.318000,74671.0,73520.0,33,27
2020-01-05 21:26:04.235000,74669.0,73518.0,33,27
2020-01-05 21:26:06.388000,74670.0,73519.0,33,27
2020-01-05 21:26:08.517000,74660.0,73509.0,33,27
2020-01-05 21:26:13.992000,74659.0,73508.0,33,27
2020-01-05 21:26:14.615000,74660.0,73509.0,33,27
2020-01-05 21:26:15.302000,74658.0,73507.0,33,27
2020-01-05 21:26:15.498000,74657.0,73506.0,33,27
2020-01-05 21:26:15.698000,74656.0,73506.0,33,27
2020-01-05 21:26:15.899000,74657.0,73506.0,33,27
2020-01-05 21:26:16.099000,74658.0,73507.0,33,27
2020-01-05 21:26:16.298000,74657.0,73506.0,33,27
2020-01-05 21:26:17.298000,74658.0,73507.0,33,27
2020-01-05 21:26:32.078000,74657.0,73507.0,33,27
2020-01-05 21:26:32.276000,74657.0,73506.0,33,27
2020-01-05 21:26:39.534000,74656.0,73505.0,33,27
2020-01-05 21:26:39.735000,74657.0,73506.0,33,27
2020-01-05 21:26:39.934000,74656.0,73505.0,33,27
2020-01-05 21:27:11.365000,74655.0,73505.0,33,27
2020-01-05 21:27:11.565000,74656.0,73505.0,33,27
2020-01-05 21:27:13.492000,74659.0,73508.0,33,27
2020-01-05 21:27:14.037000,74660.0,73509.0,33,27
2020-01-05 21:27:17.903000,74659.0,73508.0,33,27
2020-01-05 21:27:18.502000,74657.0,73506.0,33,27
2020-01-05 21:27:23.166000,74656.0,73505.0,33,27
2020-01-05 21:27:24.766000,74656.0,73506.0,33,27
2020-01-05 21:27:28.976000,74649.0,73498.0,33,27
2020-01-05 21:27:29.598000,74650.0,73499.0,33,27
2020-01-05 21:27:37.375000,74649.0,73499.0,33,27
2020-01-05 21:27:39.580000,74652.0,73501.0,33,27
2020-01-05 21:27:44.847000,74651.0,73501.0,33,27
2020-01-05 21:27:45.048000,74651.0,73500.0,33,27
2020-01-05 21:28:20.080000,74646.0,73495.0,33,27
2020-01-05 21:28:20.983000,74645.0,73494.0,33,27
2020-01-05 21:28:21.908000,74644.0,73494.0,33,27
2020-01-05 21:28:22.565000,74640.0,73489.0,33,27
2020-01-05 21:28:22.884000,74639.0,73488.0,33,27
2020-01-05 21:28:41.347000,74635.0,73484.0,33,27
2020-01-05 21:28:42.547000,74634.0,73483.0,33,27
2020-01-05 21:28:42.748000,74633.0,73482.0,33,27
2020-01-05 21:28:43.948000,74631.0,73480.0,33,27
2020-01-05 21:28:44.148000,74633.0,73483.0,33,27
2020-01-05 21:28:44.547000,74631.0,73480.0,33,27
2020-01-05 21:28:45.308000,74632.0,73481.0,33,27
2020-01-05 21:28:47.508000,74631.0,73481.0,33,27
2020-01-05 21:28:47.707000,74631.0,73480.0,33,27
2020-01-05 21:28:48.907000,74632.0,73481.0,33,27
2020-01-05 21:28:49.307000,74629.0,73478.0,33,27
2020-01-05 21:28:49.507000,74630.0,73479.0,33,27
2020-01-05 21:28:49.908000,74629.0,73479.0,33,27
2020-01-05 21:28:50.108000,74630.0,73479.0,33,27
2020-01-05 21:28:51.233000,74629.0,73479.0,33,27
2020-01-05 21:28:51.432000,74631.0,73480.0,33,27
2020-01-05 21:28:52.033000,74630.0,73479.0,33,27
2020-01-05 21:28:54.811000,74631.0,73480.0,33,27
2020-01-05 21:29:02.230000,74630.0,73480.0,33,27
2020-01-05 21:29:07.794000,74630.0,73479.0,33,27
2020-01-05 21:29:43.079000,74631.0,73480.0,33,27
2020-01-05 21:29:56.964000,74630.0,73479.0,33,27
2020-01-05 21:30:00.700000,74631.0,73480.0,33,27
2020-01-05 21:30:02.996000,74630.0,73479.0,33,27
2020-01-05 21:30:04.736000,74631.0,73480.0,33,27
2020-01-05 21:30:04.996000,74627.0,73476.0,33,27
2020-01-05 21:30:09.271000,74628.0,73477.0,33,27
2020-01-05 21:30:26.757000,74629.0,73478.0,33,27
2020-01-05 21:30:27.357000,74628.0,73477.0,33,27
2020-01-05 21:30:27.556000,74629.0,73478.0,33,27
2020-01-05 21:30:27.758000,74628.0,73477.0,33,27
2020-01-05 21:30:28.357000,74629.0,73478.0,33,27
2020-01-05 21:30:30.357000,74628.0,73477.0,33,27
2020-01-05 21:30:30.957000,74628.0,73478.0,33,27
2020-01-05 21:30:31.157000,74628.0,73477.0,33,27
2020-01-05 21:30:31.470000,74628.0,73478.0,33,27
2020-01-05 21:30:31.671000,74628.0,73477.0,33,27
2020-01-05 21:30:32.397000,74628.0,73478.0,33,27
2020-01-05 21:30:32.597000,74628.0,73477.0,33,27
2020-01-05 21:30:32.876000,74628.0,73478.0,33,27
2020-01-05 21:30:33.076000,74628.0,73477.0,33,27
2020-01-05 21:30:33.800000,74628.0,73478.0,33,27
2020-01-05 21:30:33.998000,74628.0,73477.0,33,27
2020-01-05 21:30:34.244000,74628.0,73478.0,33,27
2020-01-05 21:30:35.243000,74629.0,73478.0,33,27
2020-01-05 21:30:36.171000,74628.0,73477.0,33,27
2020-01-05 21:30:36.372000,74629.0,73478.0,33,27
2020-01-05 21:30:37.102000,74628.0,73477.0,33,27
2020-01-05 21:30:37.905000,74618.0,73467.0,33,27
2020-01-05 21:30:38.102000,74619.0,73468.0,33,27
2020-01-05 21:30:38.318000,74614.0,73463.0,33,27
2020-01-05 21:30:38.502000,74615.0,73464.0,33,27
2020-01-05 21:30:39.302000,74618.0,73467.0,33,27
2020-01-05 21:30:39.501000,74621.0,73470.0,33,27
2020-01-05 21:30:39.702000,74620.0,73469.0,33,27
2020-01-05 21:30:39.903000,74618.0,73467.0,33,27
2020-01-05 21:30:40.102000,74619.0,73468.0,33,27
2020-01-05 21:30:41.699000,74618.0,73467.0,33,27
2020-01-05 21:30:43.845000,74619.0,73468.0,33,27
2020-01-05 21:30:44.045000,74618.0,73467.0,33,27
2020-01-05 21:30:44.445000,74619.0,73468.0,33,27
2020-01-05 21:30:54.044000,74618.0,73467.0,33,27
2020-01-05 21:30:54.444000,74620.0,73469.0,33,27
2020-01-05 21:30:54.846000,74620.0,73470.0,33,27
2020-01-05 21:30:55.043000,74619.0,73468.0,33,27
2020-01-05 21:30:55.643000,74618.0,73467.0,33,27
2020-01-05 21:30:56.548000,74617.0,73466.0,33,27
2020-01-05 21:30:56.953000,74617.0,73467.0,33,27
2020-01-05 21:30:57.146000,74618.0,73467.0,33,27
2020-01-05 21:30:59.118000,74617.0,73466.0,33,27
2020-01-05 21:30:59.317000,74618.0,73467.0,33,27
2020-01-05 21:30:59.547000,74617.0,73466.0,33,27
2020-01-05 21:30:59.748000,74618.0,73467.0,33,27
2020-01-05 21:31:00.041000,74617.0,73466.0,33,27
2020-01-05 21:31:00.242000,74618.0,73467.0,33,27
2020-01-05 21:31:01.107000,74617.0,73467.0,33,27
2020-01-05 21:31:03.537000,74618.0,73467.0,33,27
2020-01-05 21:31:03.736000,74617.0,73467.0,33,27
2020-01-05 21:31:04.161000,74618.0,73467.0,33,27
2020-01-05 21:31:05.361000,74617.0,73467.0,33,27
2020-01-05 21:31:05.572000,74618.0,73467.0,33,27
2020-01-05 21:31:05.772000,74617.0,73467.0,33,27
2020-01-05 21:31:08.242000,74618.0,73467.0,33,27
2020-01-05 21:31:08.585000,74617.0,73467.0,33,27
2020-01-05 21:31:10.146000,74617.0,73466.0,33,27
2020-01-05 21:31:10.346000,74617.0,73467.0,33,27
2020-01-05 21:31:10.769000,74618.0,73467.0,33,27
2020-01-05 21:31:11.169000,74617.0,73466.0,33,27
2020-01-05 21:31:13.132000,74617.0,73467.0,33,27
2020-01-05 21:31:13.330000,74617.0,73466.0,33,27
2020-01-05 21:31:13.529000,74617.0,73467.0,33,27
2020-01-05 21:31:15.563000,74618.0,73467.0,33,27
2020-01-05 21:31:15.764000,74617.0,73467.0,33,27
2020-01-05 21:31:19.618000,74616.0,73466.0,33,27
2020-01-05 21:31:19.816000,74617.0,73466.0,33,27
2020-01-05 21:31:23.239000,74616.0,73465.0,33,27
2020-01-05 21:31:23.698000,74608.0,73457.0,33,27
2020-01-05 21:31:24.168000,74606.0,73455.0,33,27
2020-01-05 21:31:24.368000,74602.0,73451.0,33,27
2020-01-05 21:31:24.567000,74600.0,73449.0,33,27
2020-01-05 21:31:24.767000,74597.0,73446.0,33,27
2020-01-05 21:31:25.166000,74593.0,73443.0,33,27
2020-01-05 21:31:25.370000,74589.0,73438.0,33,27
2020-01-05 21:31:25.567000,74583.0,73432.0,33,27
2020-01-05 21:31:25.968000,74579.0,73428.0,33,27
2020-01-05 21:31:26.182000,74579.0,73429.0,33,27
2020-01-05 21:31:26.382000,74579.0,73428.0,33,27
2020-01-05 21:31:26.583000,74577.0,73426.0,33,27
2020-01-05 21:31:26.782000,74568.0,73417.0,33,27
2020-01-05 21:31:26.983000,74567.0,73416.0,33,27
2020-01-05 21:31:27.183000,74565.0,73414.0,33,27
2020-01-05 21:31:27.688000,74563.0,73412.0,33,27
2020-01-05 21:31:28.514000,74559.0,73408.0,33,27
2020-01-05 21:31:28.914000,74532.0,73381.0,33,27
2020-01-05 21:31:29.313000,74529.0,73378.0,33,27
2020-01-05 21:31:29.513000,74513.0,73363.0,33,27
2020-01-05 21:31:29.747000,74499.0,73348.0,33,27
2020-01-05 21:31:29.946000,74503.0,73352.0,33,27
2020-01-05 21:31:30.256000,74518.0,73367.0,33,27
2020-01-05 21:31:30.703000,74514.0,73363.0,33,27
2020-01-05 21:31:30.903000,74515.0,73364.0,33,27
2020-01-05 21:31:31.447000,74499.0,73348.0,33,27
2020-01-05 21:31:31.776000,74496.0,73346.0,33,27
2020-01-05 21:31:31.976000,74501.0,73350.0,33,27
2020-01-05 21:31:32.376000,74489.0,73338.0,33,27
2020-01-05 21:31:32.753000,74495.0,73344.0,33,27
2020-01-05 21:31:33.158000,74508.0,73357.0,33,27
2020-01-05 21:31:33.623000,74497.0,73346.0,33,27
2020-01-05 21:31:33.880000,74498.0,73347.0,33,27
2020-01-05 21:31:34.460000,74483.0,73332.0,33,27
2020-01-05 21:31:34.885000,74481.0,73330.0,33,27
2020-01-05 21:31:35.251000,74484.0,73333.0,33,27
2020-01-05 21:31:35.606000,74486.0,73335.0,33,27
2020-01-05 21:31:35.895000,74485.0,73335.0,33,27
2020-01-05 21:31:36.091000,74488.0,73337.0,33,27
2020-01-05 21:31:36.409000,74485.0,73334.0,33,27
2020-01-05 21:31:37.672000,74479.0,73328.0,33,27
2020-01-05 21:31:37.929000,74480.0,73329.0,33,27
2020-01-05 21:31:38.129000,74458.0,73307.0,33,27
2020-01-05 21:31:38.528000,74462.0,73312.0,33,27
2020-01-05 21:31:39.129000,74459.0,73308.0,33,27
2020-01-05 21:31:39.329000,74457.0,73306.0,33,27
2020-01-05 21:31:40.042000,74462.0,73311.0,33,27
2020-01-05 21:31:40.360000,74461.0,73310.0,33,27
2020-01-05 21:31:40.561000,74457.0,73306.0,33,27
2020-01-05 21:31:40.956000,74447.0,73296.0,33,27
2020-01-05 21:31:41.357000,74446.0,73295.0,33,27
2020-01-05 21:31:42.099000,74447.0,73296.0,33,27
2020-01-05 21:31:43.224000,74446.0,73296.0,33,27
2020-01-05 21:31:45.392000,74432.0,73281.0,33,27
2020-01-05 21:31:45.918000,74425.0,73274.0,33,27
2020-01-05 21:31:46.261000,74431.0,73280.0,33,27
2020-01-05 21:31:46.513000,74436.0,73285.0,33,27
2020-01-05 21:31:46.734000,74437.0,73286.0,33,27
2020-01-05 21:31:47.113000,74432.0,73281.0,33,27
2020-01-05 21:31:47.516000,74435.0,73284.0,33,27
2020-01-05 21:31:47.939000,74430.0,73280.0,33,27
2020-01-05 21:31:48.450000,74430.0,73279.0,33,27
2020-01-05 21:31:48.665000,74428.0,73277.0,33,27
2020-01-05 21:31:48.871000,74415.0,73264.0,33,27
2020-01-05 21:31:49.288000,74416.0,73265.0,33,27
2020-01-05 21:31:49.689000,74414.0,73263.0,33,27
2020-01-05 21:31:49.889000,74411.0,73261.0,33,27
2020-01-05 21:31:50.089000,74412.0,73261.0,33,27
2020-01-05 21:31:50.288000,74410.0,73259.0,33,27
2020-01-05 21:31:50.488000,74392.0,73241.0,33,27
2020-01-05 21:31:50.689000,74392.0,73242.0,33,27
2020-01-05 21:31:50.888000,74395.0,73244.0,33,27
2020-01-05 21:31:51.288000,74392.0,73241.0,33,27
2020-01-05 21:31:53.348000,74384.0,73233.0,33,27
2020-01-05 21:31:58.720000,74382.0,73231.0,33,27
2020-01-05 21:31:59.121000,74385.0,73234.0,33,27
2020-01-05 21:31:59.986000,74391.0,73240.0,33,27
2020-01-05 21:32:00.348000,74404.0,73253.0,33,27
2020-01-05 21:32:00.546000,74399.0,73248.0,33,27
2020-01-05 21:32:00.948000,74398.0,73247.0,33,27
2020-01-05 21:32:01.346000,74401.0,73250.0,33,27
2020-01-05 21:32:01.548000,74399.0,73248.0,33,27
2020-01-05 21:32:01.749000,74400.0,73249.0,33,27
2020-01-05 21:32:01.948000,74396.0,73245.0,33,27
2020-01-05 21:32:02.148000,74392.0,73241.0,33,27
2020-01-05 21:32:02.548000,74391.0,73240.0,33,27
2020-01-05 21:32:02.747000,74393.0,73242.0,33,27
2020-01-05 21:32:02.952000,74392.0,73241.0,33,27
2020-01-05 21:32:03.554000,74399.0,73248.0,33,27
2020-01-05 21:32:03.948000,74398.0,73247.0,33,27
2020-01-05 21:32:04.163000,74399.0,73248.0,33,27
2020-01-05 21:32:04.363000,74409.0,73258.0,33,27
2020-01-05 21:32:04.563000,74411.0,73260.0,33,27
2020-01-05 21:32:04.763000,74421.0,73270.0,33,27
2020-01-05 21:32:05.068000,74415.0,73264.0,33,27
2020-01-05 21:32:05.453000,74413.0,73262.0,33,27
2020-01-05 21:32:05.900000,74421.0,73270.0,33,27
2020-01-05 21:32:06.288000,74400.0,73249.0,33,27
2020-01-05 21:32:06.775000,74410.0,73259.0,33,27
2020-01-05 21:32:07.171000,74412.0,73261.0,33,27
2020-01-05 21:32:07.568000,74400.0,73249.0,33,27
2020-01-05 21:32:07.949000,74410.0,73259.0,33,27
2020-01-05 21:32:08.144000,74408.0,73257.0,33,27
2020-01-05 21:32:08.549000,74403.0,73252.0,33,27
2020-01-05 21:32:08.950000,74398.0,73247.0,33,27
2020-01-05 21:32:09.146000,74398.0,73248.0,33,27
2020-01-05 21:32:09.546000,74401.0,73251.0,33,27
2020-01-05 21:32:10.194000,74404.0,73253.0,33,27
2020-01-05 21:32:10.593000,74414.0,73263.0,33,27
2020-01-05 21:32:11.254000,74409.0,73259.0,33,27
2020-01-05 21:32:11.859000,74409.0,73258.0,33,27
2020-01-05 21:32:12.254000,74409.0,73259.0,33,27
2020-01-05 21:32:13.924000,74409.0,73258.0,33,27
2020-01-05 21:32:14.326000,74409.0,73259.0,33,27
2020-01-05 21:32:14.586000,74410.0,73259.0,33,27
2020-01-05 21:32:14.785000,74407.0,73256.0,33,27
2020-01-05 21:32:15.093000,74405.0,73254.0,33,27
2020-01-05 21:32:15.494000,74407.0,73256.0,33,27
2020-01-05 21:32:16.400000,74410.0,73259.0,33,27
2020-01-05 21:32:16.800000,74406.0,73255.0,33,27
2020-01-05 21:32:16.999000,74407.0,73256.0,33,27
2020-01-05 21:32:19.518000,74410.0,73259.0,33,27
2020-01-05 21:32:20.051000,74411.0,73260.0,33,27
2020-01-05 21:32:20.250000,74407.0,73256.0,33,27
2020-01-05 21:32:20.481000,74409.0,73258.0,33,27
2020-01-05 21:32:20.987000,74408.0,73258.0,33,27
2020-01-05 21:32:21.304000,74412.0,73261.0,33,27
2020-01-05 21:32:21.502000,74408.0,73258.0,33,27
2020-01-05 21:32:21.732000,74410.0,73259.0,33,27
2020-01-05 21:32:22.187000,74414.0,73263.0,33,27
2020-01-05 21:32:22.412000,74410.0,73259.0,33,27
2020-01-05 21:32:23.013000,74406.0,73256.0,33,27
2020-01-05 21:32:23.214000,74407.0,73256.0,33,27
2020-01-05 21:32:24.807000,74408.0,73257.0,33,27
2020-01-05 21:32:25.724000,74413.0,73262.0,33,27
2020-01-05 21:32:26.323000,74408.0,73257.0,33,27
2020-01-05 21:32:26.525000,74402.0,73251.0,33,27
2020-01-05 21:32:27.123000,74401.0,73251.0,33,27
2020-01-05 21:32:27.323000,74403.0,73252.0,33,27
2020-01-05 21:32:27.523000,74401.0,73251.0,33,27
2020-01-05 21:32:27.924000,74402.0,73251.0,33,27
2020-01-05 21:32:28.123000,74399.0,73248.0,33,27
2020-01-05 21:32:28.824000,74401.0,73250.0,33,27
2020-01-05 21:32:29.023000,74399.0,73248.0,33,27
2020-01-05 21:32:29.222000,74401.0,73250.0,33,27
2020-01-05 21:32:29.613000,74406.0,73255.0,33,27
2020-01-05 21:32:30.073000,74401.0,73250.0,33,27
2020-01-05 21:32:32.200000,74395.0,73244.0,33,27
2020-01-05 21:32:33.001000,74393.0,73242.0,33,27
2020-01-05 21:32:33.200000,74395.0,73244.0,33,27
2020-01-05 21:32:33.599000,74393.0,73242.0,33,27
2020-01-05 21:32:34.640000,74395.0,73244.0,33,27
2020-01-05 21:32:34.841000,74401.0,73250.0,33,27
2020-01-05 21:32:36.391000,74399.0,73248.0,33,27
2020-01-05 21:32:38.988000,74401.0,73250.0,33,27
2020-01-05 21:32:39.188000,74406.0,73255.0,33,27
2020-01-05 21:32:39.588000,74407.0,73257.0,33,27
2020-01-05 21:32:40.498000,74404.0,73253.0,33,27
2020-01-05 21:32:41.833000,74403.0,73252.0,33,27
2020-01-05 21:32:42.843000,74407.0,73256.0,33,27
2020-01-05 21:32:43.327000,74403.0,73252.0,33,27
2020-01-05 21:32:43.550000,74404.0,73253.0,33,27
2020-01-05 21:32:44.545000,74403.0,73252.0,33,27
2020-01-05 21:32:45.397000,74390.0,73240.0,33,27
2020-01-05 21:32:45.896000,74390.0,73239.0,33,27
2020-01-05 21:32:47.049000,74388.0,73237.0,33,27
2020-01-05 21:32:47.841000,74386.0,73235.0,33,27
2020-01-05 21:32:48.721000,74390.0,73239.0,33,27
2020-01-05 21:32:49.196000,74388.0,73238.0,33,27
2020-01-05 21:32:49.547000,74388.0,73237.0,33,27
2020-01-05 21:32:50.054000,74382.0,73232.0,33,27
2020-01-05 21:32:50.451000,74381.0,73230.0,33,27
2020-01-05 21:32:50.988000,74380.0,73229.0,33,27
2020-01-05 21:32:51.772000,74379.0,73229.0,33,27
2020-01-05 21:32:53.298000,74378.0,73227.0,33,27
2020-01-05 21:32:53.498000,74377.0,73226.0,33,27
2020-01-05 21:32:53.768000,74373.0,73222.0,33,27
2020-01-05 21:32:54.185000,74364.0,73213.0,33,27
2020-01-05 21:32:54.385000,74359.0,73208.0,33,27
2020-01-05 21:32:55.322000,74357.0,73206.0,33,27
2020-01-05 21:32:55.522000,74353.0,73202.0,33,27
2020-01-05 21:32:55.723000,74352.0,73201.0,33,27
2020-01-05 21:32:56.321000,74343.0,73193.0,33,27
2020-01-05 21:32:56.521000,74333.0,73182.0,33,27
2020-01-05 21:32:56.721000,74335.0,73184.0,33,27
2020-01-05 21:32:57.161000,74340.0,73189.0,33,27
2020-01-05 21:32:57.359000,74329.0,73178.0,33,27
2020-01-05 21:32:57.566000,74328.0,73177.0,33,27
2020-01-05 21:32:57.775000,74324.0,73173.0,33,27
2020-01-05 21:32:57.975000,74323.0,73172.0,33,27
2020-01-05 21:32:58.167000,74320.0,73169.0,33,27
2020-01-05 21:32:58.365000,74309.0,73158.0,33,27
2020-01-05 21:32:58.566000,74308.0,73157.0,33,27
2020-01-05 21:32:58.892000,74307.0,73156.0,33,27
2020-01-05 21:32:59.092000,74297.0,73146.0,33,27
2020-01-05 21:32:59.328000,74293.0,73142.0,33,27
2020-01-05 21:32:59.571000,74265.0,73114.0,33,27
2020-01-05 21:33:00.053000,74267.0,73117.0,33,27
2020-01-05 21:33:00.335000,74267.0,73116.0,33,27
2020-01-05 21:33:00.534000,74264.0,73113.0,33,27
2020-01-05 21:33:00.984000,74272.0,73121.0,33,27
2020-01-05 21:33:01.216000,74264.0,73113.0,33,27
2020-01-05 21:33:01.417000,74256.0,73105.0,33,27
2020-01-05 21:33:02.237000,74260.0,73109.0,33,27
2020-01-05 21:33:02.437000,74261.0,73110.0,33,27
2020-01-05 21:33:02.837000,74259.0,73108.0,33,27
2020-01-05 21:33:03.037000,74258.0,73107.0,33,27
2020-01-05 21:33:03.351000,74251.0,73100.0,33,27
2020-01-05 21:33:04.590000,74256.0,73105.0,33,27
2020-01-05 21:33:05.493000,74257.0,73106.0,33,27
2020-01-05 21:33:06.229000,74258.0,73107.0,33,27
2020-01-05 21:33:06.649000,74259.0,73109.0,33,27
2020-01-05 21:33:08.702000,74260.0,73109.0,33,27
2020-01-05 21:33:09.257000,74261.0,73110.0,33,27
2020-01-05 21:33:10.590000,74265.0,73114.0,33,27
2020-01-05 21:33:10.790000,74264.0,73113.0,33,27
2020-01-05 21:33:10.990000,74280.0,73129.0,33,27
2020-01-05 21:33:11.358000,74281.0,73130.0,33,27
2020-01-05 21:33:11.620000,74276.0,73125.0,33,27
2020-01-05 21:33:12.634000,74277.0,73126.0,33,27
2020-01-05 21:33:12.830000,74278.0,73127.0,33,27
2020-01-05 21:33:13.104000,74281.0,73130.0,33,27
2020-01-05 21:33:13.549000,74284.0,73133.0,33,27
2020-01-05 21:33:13.866000,74289.0,73138.0,33,27
2020-01-05 21:33:14.100000,74287.0,73136.0,33,27
2020-01-05 21:33:14.412000,74293.0,73142.0,33,27
2020-01-05 21:33:14.918000,74280.0,73129.0,33,27
2020-01-05 21:33:15.234000,74283.0,73132.0,33,27
2020-01-05 21:33:15.631000,74284.0,73133.0,33,27
2020-01-05 21:33:16.232000,74283.0,73133.0,33,27
2020-01-05 21:33:16.439000,74283.0,73132.0,33,27
2020-01-05 21:33:16.632000,74291.0,73140.0,33,27
2020-01-05 21:33:16.837000,74295.0,73144.0,33,27
2020-01-05 21:33:17.037000,74293.0,73142.0,33,27
2020-01-05 21:33:17.238000,74293.0,73143.0,33,27
2020-01-05 21:33:17.435000,74297.0,73146.0,33,27
2020-01-05 21:33:17.775000,74295.0,73144.0,33,27
2020-01-05 21:33:18.181000,74302.0,73151.0,33,27
2020-01-05 21:33:18.629000,74298.0,73147.0,33,27
2020-01-05 21:33:18.992000,74296.0,73145.0,33,27
2020-01-05 21:33:19.192000,74301.0,73150.0,33,27
2020-01-05 21:33:19.433000,74299.0,73148.0,33,27
2020-01-05 21:33:19.777000,74301.0,73150.0,33,27
2020-01-05 21:33:20.645000,74291.0,73140.0,33,27
2020-01-05 21:33:21.045000,74292.0,73142.0,33,27
2020-01-05 21:33:21.393000,74282.0,73131.0,33,27
2020-01-05 21:33:21.915000,74277.0,73126.0,33,27
2020-01-05 21:33:22.110000,74278.0,73127.0,33,27
2020-01-05 21:33:22.726000,74282.0,73131.0,33,27
2020-01-05 21:33:23.064000,74281.0,73130.0,33,27
2020-01-05 21:33:23.262000,74282.0,73131.0,33,27
2020-01-05 21:33:23.543000,74281.0,73130.0,33,27
2020-01-05 21:33:23.742000,74280.0,73129.0,33,27
2020-01-05 21:33:24.163000,74281.0,73130.0,33,27
2020-01-05 21:33:24.362000,74280.0,73129.0,33,27
2020-01-05 21:33:25.921000,74277.0,73126.0,33,27
2020-01-05 21:33:26.320000,74280.0,73129.0,33,27
2020-01-05 21:33:26.910000,74281.0,73130.0,33,27
2020-01-05 21:33:27.365000,74285.0,73134.0,33,27
2020-01-05 21:33:27.806000,74288.0,73137.0,33,27
2020-01-05 21:33:28.005000,74292.0,73141.0,33,27
2020-01-05 21:33:28.206000,74301.0,73151.0,33,27
2020-01-05 21:33:28.604000,74307.0,73156.0,33,27
2020-01-05 21:33:29.020000,74311.0,73160.0,33,27
2020-01-05 21:33:29.219000,74320.0,73169.0,33,27
2020-01-05 21:33:29.419000,74326.0,73175.0,33,27
2020-01-05 21:33:29.787000,74328.0,73177.0,33,27
2020-01-05 21:33:30.367000,74323.0,73172.0,33,27
2020-01-05 21:33:33.552000,74326.0,73175.0,33,27
2020-01-05 21:33:34.175000,74333.0,73182.0,33,27
2020-01-05 21:33:34.376000,74337.0,73186.0,33,27
2020-01-05 21:33:35.983000,74339.0,73188.0,33,27
2020-01-05 21:33:36.434000,74342.0,73191.0,33,27
2020-01-05 21:33:37.120000,74343.0,73192.0,33,27
2020-01-05 21:33:40.239000,74347.0,73196.0,33,27
2020-01-05 21:33:40.595000,74340.0,73189.0,33,27
2020-01-05 21:33:40.994000,74347.0,73196.0,33,27
2020-01-05 21:33:41.195000,74331.0,73180.0,33,27
2020-01-05 21:33:42.260000,74337.0,73186.0,33,27
2020-01-05 21:33:42.663000,74334.0,73184.0,33,27
2020-01-05 21:33:43.001000,74332.0,73181.0,33,27
2020-01-05 21:33:43.472000,74331.0,73180.0,33,27
2020-01-05 21:33:44.265000,74334.0,73183.0,33,27
2020-01-05 21:33:47.704000,74335.0,73184.0,33,27
2020-01-05 21:33:49.447000,74342.0,73192.0,33,27
2020-01-05 21:33:50.211000,74347.0,73196.0,33,27
2020-01-05 21:33:50.410000,74350.0,73199.0,33,27
2020-01-05 21:33:50.608000,74351.0,73200.0,33,27
2020-01-05 21:33:51.913000,74358.0,73207.0,33,27
2020-01-05 21:33:52.115000,74360.0,73209.0,33,27
2020-01-05 21:33:52.531000,74359.0,73209.0,33,27
2020-01-05 21:33:52.737000,74362.0,73211.0,33,27
2020-01-05 21:33:53.529000,74359.0,73208.0,33,27
2020-01-05 21:33:53.929000,74364.0,73213.0,33,27
2020-01-05 21:33:54.301000,74359.0,73209.0,33,27
2020-01-05 21:33:54.500000,74374.0,73223.0,33,27
2020-01-05 21:33:54.753000,74378.0,73227.0,33,27
2020-01-05 21:33:57.415000,74387.0,73236.0,33,27
2020-01-05 21:33:57.641000,74392.0,73241.0,33,27
2020-01-05 21:33:58.259000,74387.0,73236.0,33,27
2020-01-05 21:34:00.563000,74384.0,73234.0,33,27
2020-01-05 21:34:01.523000,74401.0,73250.0,33,27
2020-01-05 21:34:03.533000,74399.0,73248.0,33,27
2020-01-05 21:34:05.208000,74402.0,73251.0,33,27
2020-01-05 21:34:05.555000,74399.0,73248.0,33,27
2020-01-05 21:34:09.158000,74392.0,73241.0,33,27
2020-01-05 21:34:09.356000,74390.0,73239.0,33,27
2020-01-05 21:34:13.124000,74392.0,73241.0,33,27
2020-01-05 21:34:13.325000,74397.0,73246.0,33,27
2020-01-05 21:34:16.500000,74392.0,73241.0,33,27
2020-01-05 21:34:16.700000,74391.0,73240.0,33,27
2020-01-05 21:34:16.899000,74390.0,73239.0,33,27
2020-01-05 21:34:17.527000,74389.0,73238.0,33,27
2020-01-05 21:34:18.432000,74386.0,73235.0,33,27
2020-01-05 21:34:18.700000,74387.0,73236.0,33,27
2020-01-05 21:34:19.099000,74386.0,73235.0,33,27
2020-01-05 21:34:19.700000,74383.0,73233.0,33,27
2020-01-05 21:34:19.899000,74387.0,73236.0,33,27
2020-01-05 21:34:20.100000,74384.0,73234.0,33,27
2020-01-05 21:34:20.299000,74388.0,73237.0,33,27
2020-01-05 21:34:20.499000,74387.0,73236.0,33,27
2020-01-05 21:34:20.899000,74391.0,73240.0,33,27
2020-01-05 21:34:21.723000,74392.0,73241.0,33,27
2020-01-05 21:34:22.271000,74391.0,73241.0,33,27
2020-01-05 21:34:22.471000,74395.0,73244.0,33,27
2020-01-05 21:34:22.871000,74393.0,73242.0,33,27
2020-01-05 21:34:23.271000,74394.0,73243.0,33,27
2020-01-05 21:34:23.470000,74407.0,73257.0,33,27
2020-01-05 21:34:23.670000,74407.0,73256.0,33,27
2020-01-05 21:34:24.069000,74408.0,73257.0,33,27
2020-01-05 21:34:24.270000,74407.0,73256.0,33,27
2020-01-05 21:34:24.471000,74408.0,73257.0,33,27
2020-01-05 21:34:25.671000,74410.0,73259.0,33,27
2020-01-05 21:34:25.871000,74408.0,73257.0,33,27
2020-01-05 21:34:26.071000,74409.0,73259.0,33,27
2020-01-05 21:34:26.276000,74410.0,73259.0,33,27
2020-01-05 21:34:26.473000,74409.0,73258.0,33,27
2020-01-05 21:34:27.874000,74409.0,73259.0,33,27
2020-01-05 21:34:28.242000,74415.0,73264.0,33,27
2020-01-05 21:34:28.441000,74416.0,73265.0,33,27
2020-01-05 21:34:28.661000,74417.0,73267.0,33,27
2020-01-05 21:34:29.067000,74411.0,73260.0,33,27
2020-01-05 21:34:29.652000,74412.0,73261.0,33,27
2020-01-05 21:34:29.852000,74411.0,73260.0,33,27
2020-01-05 21:34:30.050000,74418.0,73267.0,33,27
2020-01-05 21:34:30.552000,74411.0,73261.0,33,27
2020-01-05 21:34:31.537000,74423.0,73272.0,33,27
2020-01-05 21:34:31.835000,74422.0,73272.0,33,27
2020-01-05 21:34:32.583000,74423.0,73272.0,33,27
2020-01-05 21:34:33.640000,74421.0,73270.0,33,27
2020-01-05 21:34:36.175000,74419.0,73268.0,33,27
2020-01-05 21:34:36.533000,74421.0,73270.0,33,27
2020-01-05 21:34:36.932000,74419.0,73268.0,33,27
2020-01-05 21:34:37.150000,74421.0,73270.0,33,27
2020-01-05 21:34:38.162000,74419.0,73268.0,33,27
2020-01-05 21:34:38.583000,74421.0,73270.0,33,27
2020-01-05 21:34:38.968000,74420.0,73269.0,33,27
2020-01-05 21:34:39.168000,74419.0,73268.0,33,27
2020-01-05 21:34:40.640000,74426.0,73275.0,33,27
2020-01-05 21:34:42.708000,74425.0,73274.0,33,27
2020-01-05 21:34:43.414000,74429.0,73278.0,33,27
2020-01-05 21:34:44.422000,74423.0,73272.0,33,27
2020-01-05 21:34:45.656000,74426.0,73275.0,33,27
2020-01-05 21:34:45.998000,74423.0,73272.0,33,27
2020-01-05 21:34:46.452000,74422.0,73271.0,33,27
2020-01-05 21:34:50.464000,74427.0,73276.0,33,27
2020-01-05 21:34:51.267000,74423.0,73272.0,33,27
2020-01-05 21:34:52.671000,74426.0,73275.0,33,27
2020-01-05 21:34:52.872000,74427.0,73276.0,33,27
2020-01-05 21:34:53.191000,74425.0,73274.0,33,27
2020-01-05 21:34:53.735000,74424.0,73273.0,33,27
2020-01-05 21:34:53.935000,74429.0,73279.0,33,27
2020-01-05 21:34:54.788000,74430.0,73279.0,33,27
2020-01-05 21:34:57.769000,74427.0,73276.0,33,27
2020-01-05 21:34:58.778000,74428.0,73277.0,33,27
2020-01-05 21:34:59.776000,74430.0,73279.0,33,27
2020-01-05 21:35:00.178000,74428.0,73277.0,33,27
2020-01-05 21:35:00.576000,74427.0,73276.0,33,27
2020-01-05 21:35:01.785000,74429.0,73278.0,33,27
2020-01-05 21:35:02.860000,74427.0,73276.0,33,27
2020-01-05 21:35:03.060000,74441.0,73290.0,33,27
2020-01-05 21:35:03.577000,74438.0,73287.0,33,27
2020-01-05 21:35:04.873000,74435.0,73284.0,33,27
2020-01-05 21:35:05.549000,74434.0,73283.0,33,27
2020-01-05 21:35:06.185000,74434.0,73284.0,33,27
2020-01-05 21:35:07.131000,74434.0,73283.0,33,27
2020-01-05 21:35:07.332000,74433.0,73283.0,33,27
2020-01-05 21:35:08.189000,74434.0,73283.0,33,27
2020-01-05 21:35:09.427000,74435.0,73284.0,33,27
2020-01-05 21:35:10.032000,74422.0,73271.0,33,27
2020-01-05 21:35:10.511000,74421.0,73270.0,33,27
2020-01-05 21:35:11.250000,74420.0,73269.0,33,27
2020-01-05 21:35:11.535000,74421.0,73270.0,33,27
2020-01-05 21:35:12.165000,74422.0,73271.0,33,27
2020-01-05 21:35:12.567000,74421.0,73270.0,33,27
2020-01-05 21:35:13.435000,74420.0,73269.0,33,27
2020-01-05 21:35:14.279000,74422.0,73271.0,33,27
2020-01-05 21:35:14.474000,74417.0,73266.0,33,27
2020-01-05 21:35:14.675000,74416.0,73265.0,33,27
2020-01-05 21:35:15.841000,74412.0,73261.0,33,27
2020-01-05 21:35:17.204000,74410.0,73259.0,33,27
2020-01-05 21:35:19.185000,74412.0,73261.0,33,27
2020-01-05 21:35:20.986000,74411.0,73260.0,33,27
2020-01-05 21:35:37.747000,74410.0,73259.0,33,27
2020-01-05 21:35:40.767000,74411.0,73260.0,33,27
2020-01-05 21:35:41.115000,74414.0,73263.0,33,27
2020-01-05 21:35:45.254000,74417.0,73266.0,33,27
2020-01-05 21:35:45.457000,74421.0,73270.0,33,27
2020-01-05 21:35:45.661000,74419.0,73268.0,33,27
2020-01-05 21:35:45.855000,74424.0,73273.0,33,27
2020-01-05 21:35:46.255000,74421.0,73270.0,33,27
2020-01-05 21:35:46.457000,74422.0,73271.0,33,27
2020-01-05 21:35:46.656000,74423.0,73272.0,33,27
2020-01-05 21:35:46.855000,74422.0,73272.0,33,27
2020-01-05 21:35:47.055000,74423.0,73272.0,33,27
2020-01-05 21:35:48.656000,74424.0,73273.0,33,27
2020-01-05 21:35:48.854000,74423.0,73272.0,33,27
2020-01-05 21:35:49.056000,74424.0,73273.0,33,27
2020-01-05 21:35:49.255000,74423.0,73272.0,33,27
2020-01-05 21:35:49.455000,74424.0,73273.0,33,27
2020-01-05 21:35:50.055000,74423.0,73272.0,33,27
2020-01-05 21:35:52.145000,74416.0,73265.0,33,27
2020-01-05 21:35:53.031000,74413.0,73262.0,33,27
2020-01-05 21:35:53.239000,74415.0,73265.0,33,27
2020-01-05 21:35:53.430000,74416.0,73265.0,33,27
2020-01-05 21:35:53.630000,74415.0,73265.0,33,27
2020-01-05 21:35:54.340000,74416.0,73265.0,33,27
2020-01-05 21:35:57.186000,74415.0,73264.0,33,27
2020-01-05 21:35:58.390000,74413.0,73262.0,33,27
2020-01-05 21:35:58.590000,74412.0,73261.0,33,27
2020-01-05 21:35:59.456000,74411.0,73260.0,33,27
2020-01-05 21:36:00.460000,74406.0,73255.0,33,27
2020-01-05 21:36:07.018000,74409.0,73258.0,33,27
2020-01-05 21:36:07.242000,74413.0,73262.0,33,27
2020-01-05 21:36:07.440000,74416.0,73266.0,33,27
2020-01-05 21:36:07.842000,74416.0,73265.0,33,27
2020-01-05 21:36:08.641000,74415.0,73264.0,33,27
2020-01-05 21:36:09.040000,74414.0,73263.0,33,27
2020-01-05 21:36:09.641000,74409.0,73258.0,33,27
2020-01-05 21:36:11.091000,74412.0,73261.0,33,27
2020-01-05 21:36:11.375000,74414.0,73263.0,33,27
2020-01-05 21:36:11.775000,74416.0,73265.0,33,27
2020-01-05 21:36:19.904000,74413.0,73262.0,33,27
2020-01-05 21:36:21.407000,74416.0,73265.0,33,27
2020-01-05 21:36:25.446000,74413.0,73262.0,33,27
2020-01-05 21:36:26.665000,74415.0,73264.0,33,27
2020-01-05 21:36:26.866000,74413.0,73262.0,33,27
2020-01-05 21:36:31.715000,74415.0,73264.0,33,27
2020-01-05 21:36:31.914000,74416.0,73265.0,33,27
2020-01-05 21:36:39.958000,74411.0,73260.0,33,27
2020-01-05 21:36:40.467000,74410.0,73259.0,33,27
2020-01-05 21:36:41.268000,74409.0,73259.0,33,27
2020-01-05 21:36:41.468000,74412.0,73261.0,33,27
2020-01-05 21:36:42.153000,74413.0,73262.0,33,27
2020-01-05 21:36:47.561000,74414.0,73264.0,33,27
2020-01-05 21:36:48.052000,74414.0,73263.0,33,27
2020-01-05 21:36:48.161000,74413.0,73262.0,33,27
2020-01-05 21:36:48.365000,74411.0,73260.0,33,27
2020-01-05 21:36:49.012000,74413.0,73263.0,33,27
2020-01-05 21:36:49.214000,74413.0,73262.0,33,27
2020-01-05 21:36:50.025000,74414.0,73263.0,33,27
2020-01-05 21:36:50.225000,74413.0,73262.0,33,27
2020-01-05 21:36:50.625000,74414.0,73263.0,33,27
2020-01-05 21:36:50.827000,74413.0,73262.0,33,27
2020-01-05 21:36:51.701000,74414.0,73263.0,33,27
2020-01-05 21:36:51.902000,74413.0,73262.0,33,27
2020-01-05 21:36:53.304000,74412.0,73261.0,33,27
2020-01-05 21:36:55.511000,74413.0,73262.0,33,27
2020-01-05 21:36:59.739000,74411.0,73261.0,33,27
2020-01-05 21:37:00.630000,74413.0,73262.0,33,27
2020-01-05 21:37:02.061000,74412.0,73262.0,33,27
2020-01-05 21:37:02.294000,74412.0,73261.0,33,27
2020-01-05 21:37:02.495000,74413.0,73262.0,33,27
2020-01-05 21:37:02.694000,74412.0,73261.0,33,27
2020-01-05 21:37:06.942000,74411.0,73261.0,33,27
2020-01-05 21:37:07.333000,74411.0,73260.0,33,27
2020-01-05 21:37:07.534000,74411.0,73261.0,33,27
2020-01-05 21:37:07.867000,74413.0,73262.0,33,27
2020-01-05 21:37:08.870000,74411.0,73261.0,33,27
2020-01-05 21:37:09.595000,74413.0,73262.0,33,27
2020-01-05 21:37:10.791000,74412.0,73262.0,33,27
2020-01-05 21:37:10.992000,74412.0,73261.0,33,27
2020-01-05 21:37:12.815000,74413.0,73262.0,33,27
2020-01-05 21:37:14.015000,74412.0,73262.0,33,27
2020-01-05 21:37:15.212000,74412.0,73261.0,33,27
2020-01-05 21:37:20.410000,74413.0,73262.0,33,27
2020-01-05 21:37:22.703000,74412.0,73261.0,33,27
2020-01-05 21:37:26.791000,74416.0,73265.0,33,27
2020-01-05 21:37:29.236000,74417.0,73266.0,33,27
2020-01-05 21:37:29.838000,74413.0,73262.0,33,27
2020-01-05 21:37:41.249000,74419.0,73268.0,33,27
2020-01-05 21:37:43.324000,74422.0,73271.0,33,27
2020-01-05 21:37:46.224000,74427.0,73276.0,33,27
2020-01-05 21:37:47.793000,74428.0,73277.0,33,27
2020-01-05 21:37:48.430000,74436.0,73285.0,33,27
2020-01-05 21:38:10.453000,74454.0,73303.0,33,27
2020-01-05 21:38:16.493000,74455.0,73304.0,33,27
2020-01-05 21:38:20.634000,74465.0,73314.0,33,27
2020-01-05 21:38:26.663000,74469.0,73318.0,33,27
2020-01-05 21:38:28.404000,74468.0,73317.0,33,27
2020-01-05 21:38:30.984000,74466.0,73315.0,33,27
2020-01-05 21:38:33.673000,74465.0,73314.0,33,27
2020-01-05 21:38:36.507000,74461.0,73310.0,33,27
2020-01-05 21:38:38.405000,74459.0,73308.0,33,27
2020-01-05 21:38:47.086000,74458.0,73308.0,33,27
2020-01-05 21:38:53.261000,74458.0,73307.0,33,27
2020-01-05 21:38:53.524000,74452.0,73301.0,33,27
2020-01-05 21:38:55.679000,74458.0,73307.0,33,27
2020-01-05 21:38:59.882000,74452.0,73301.0,33,27
2020-01-05 21:39:01.337000,74451.0,73300.0,33,27
2020-01-05 21:39:01.533000,74452.0,73301.0,33,27
2020-01-05 21:39:01.728000,74451.0,73300.0,33,27
2020-01-05 21:39:04.238000,74452.0,73301.0,33,27
2020-01-05 21:39:04.438000,74451.0,73300.0,33,27
2020-01-05 21:39:04.841000,74452.0,73301.0,33,27
2020-01-05 21:39:08.257000,74451.0,73300.0,33,27
2020-01-05 21:39:09.980000,74450.0,73300.0,33,27
2020-01-05 21:39:10.572000,74449.0,73299.0,33,27
2020-01-05 21:39:10.772000,74448.0,73298.0,33,27
2020-01-05 21:39:11.818000,74447.0,73296.0,33,27
2020-01-05 21:39:13.143000,74441.0,73290.0,33,27
2020-01-05 21:39:14.123000,74440.0,73289.0,33,27
2020-01-05 21:39:15.407000,74438.0,73287.0,33,27
2020-01-05 21:39:15.678000,74435.0,73284.0,33,27
2020-01-05 21:39:16.721000,74434.0,73283.0,33,27
2020-01-05 21:39:18.467000,74433.0,73282.0,33,27
2020-01-05 21:39:19.660000,74431.0,73281.0,33,27
2020-01-05 21:39:20.253000,74433.0,73282.0,33,27
2020-01-05 21:39:20.971000,74433.0,73283.0,33,27
2020-01-05 21:39:21.172000,74434.0,73284.0,33,27
2020-01-05 21:39:21.382000,74433.0,73283.0,33,27
2020-01-05 21:39:21.770000,74433.0,73282.0,33,27
2020-01-05 21:39:27.817000,74431.0,73280.0,33,27
2020-01-05 21:39:28.965000,74430.0,73279.0,33,27
2020-01-05 21:39:29.529000,74429.0,73278.0,33,27
2020-01-05 21:39:32.233000,74428.0,73277.0,33,27
2020-01-05 21:39:33.209000,74429.0,73278.0,33,27
2020-01-05 21:39:34.504000,74426.0,73275.0,33,27
2020-01-05 21:39:34.939000,74424.0,73273.0,33,27
2020-01-05 21:39:35.224000,74419.0,73268.0,33,27
2020-01-05 21:39:37.214000,74418.0,73267.0,33,27
2020-01-05 21:39:38.266000,74416.0,73265.0,33,27
2020-01-05 21:39:44.305000,74417.0,73266.0,33,27
2020-01-05 21:39:45.548000,74416.0,73265.0,33,27
2020-01-05 21:39:46.875000,74414.0,73263.0,33,27
2020-01-05 21:39:49.746000,74412.0,73261.0,33,27
2020-01-05 21:39:50.560000,74416.0,73265.0,33,27
2020-01-05 21:39:50.761000,74414.0,73263.0,33,27
2020-01-05 21:39:52.265000,74416.0,73265.0,33,27
2020-01-05 21:39:52.695000,74417.0,73266.0,33,27
2020-01-05 21:39:53.291000,74418.0,73267.0,33,27
2020-01-05 21:39:53.492000,74419.0,73268.0,33,27
2020-01-05 21:39:54.491000,74418.0,73267.0,33,27
2020-01-05 21:39:54.892000,74419.0,73268.0,33,27
2020-01-05 21:39:55.291000,74421.0,73270.0,33,27
2020-01-05 21:39:56.130000,74422.0,73271.0,33,27
2020-01-05 21:39:56.329000,74421.0,73270.0,33,27
2020-01-05 21:39:57.045000,74422.0,73271.0,33,27
2020-01-05 21:39:57.269000,74418.0,73267.0,33,27
2020-01-05 21:39:58.193000,74419.0,73268.0,33,27
2020-01-05 21:39:58.495000,74421.0,73271.0,33,27
2020-01-05 21:39:59.222000,74418.0,73267.0,33,27
2020-01-05 21:39:59.420000,74413.0,73262.0,33,27
2020-01-05 21:39:59.691000,74410.0,73259.0,33,27
2020-01-05 21:39:59.895000,74405.0,73254.0,33,27
2020-01-05 21:40:00.292000,74407.0,73256.0,33,27
2020-01-05 21:40:00.501000,74405.0,73254.0,33,27
2020-01-05 21:40:01.100000,74406.0,73255.0,33,27
2020-01-05 21:40:01.706000,74409.0,73258.0,33,27
2020-01-05 21:40:03.734000,74407.0,73256.0,33,27
2020-01-05 21:40:05.398000,74406.0,73256.0,33,27
2020-01-05 21:40:05.911000,74407.0,73256.0,33,27
2020-01-05 21:40:06.112000,74411.0,73260.0,33,27
2020-01-05 21:40:06.712000,74412.0,73261.0,33,27
2020-01-05 21:40:06.911000,74411.0,73260.0,33,27
2020-01-05 21:40:07.512000,74412.0,73261.0,33,27
2020-01-05 21:40:08.911000,74410.0,73259.0,33,27
2020-01-05 21:40:09.111000,74411.0,73260.0,33,27
2020-01-05 21:40:09.711000,74408.0,73257.0,33,27
2020-01-05 21:40:09.911000,74407.0,73256.0,33,27
2020-01-05 21:40:12.141000,74406.0,73255.0,33,27
2020-01-05 21:40:12.341000,74405.0,73255.0,33,27
2020-01-05 21:40:12.941000,74409.0,73258.0,33,27
2020-01-05 21:40:13.141000,74408.0,73257.0,33,27
2020-01-05 21:40:13.541000,74412.0,73261.0,33,27
2020-01-05 21:40:13.740000,74408.0,73257.0,33,27
2020-01-05 21:40:15.144000,74409.0,73258.0,33,27
2020-01-05 21:40:15.342000,74408.0,73257.0,33,27
2020-01-05 21:40:15.542000,74409.0,73258.0,33,27
2020-01-05 21:40:16.512000,74408.0,73257.0,33,27
2020-01-05 21:40:16.714000,74409.0,73258.0,33,27
2020-01-05 21:40:17.372000,74408.0,73257.0,33,27
2020-01-05 21:40:18.243000,74392.0,73242.0,33,27
2020-01-05 21:40:18.441000,74393.0,73243.0,33,27
2020-01-05 21:40:18.850000,74393.0,73242.0,33,27
2020-01-05 21:40:19.452000,74392.0,73241.0,33,27
2020-01-05 21:40:21.271000,74393.0,73242.0,33,27
2020-01-05 21:40:21.471000,74392.0,73241.0,33,27
2020-01-05 21:40:26.526000,74393.0,73242.0,33,27
2020-01-05 21:40:26.732000,74392.0,73241.0,33,27
2020-01-05 21:40:29.665000,74391.0,73240.0,33,27
2020-01-05 21:40:29.880000,74392.0,73241.0,33,27
2020-01-05 21:40:30.267000,74392.0,73242.0,33,27
2020-01-05 21:40:31.435000,74389.0,73238.0,33,27
2020-01-05 21:40:36.748000,74385.0,73234.0,33,27
2020-01-05 21:40:37.348000,74385.0,73235.0,33,27
2020-01-05 21:40:37.547000,74383.0,73232.0,33,27
2020-01-05 21:40:39.147000,74387.0,73236.0,33,27
2020-01-05 21:40:41.349000,74386.0,73235.0,33,27
2020-01-05 21:40:41.548000,74384.0,73233.0,33,27
2020-01-05 21:40:41.946000,74386.0,73235.0,33,27
2020-01-05 21:40:42.750000,74386.0,73236.0,33,27
2020-01-05 21:40:42.948000,74386.0,73235.0,33,27
2020-01-05 21:40:43.347000,74386.0,73236.0,33,27
2020-01-05 21:40:43.752000,74386.0,73235.0,33,27
2020-01-05 21:40:43.949000,74386.0,73236.0,33,27
2020-01-05 21:40:44.348000,74386.0,73235.0,33,27
2020-01-05 21:40:45.148000,74386.0,73236.0,33,27
2020-01-05 21:40:45.548000,74386.0,73235.0,33,27
2020-01-05 21:40:45.948000,74386.0,73236.0,33,27
2020-01-05 21:40:46.149000,74384.0,73233.0,33,27
2020-01-05 21:40:46.347000,74386.0,73235.0,33,27
2020-01-05 21:40:46.547000,74386.0,73236.0,33,27
2020-01-05 21:40:47.149000,74384.0,73233.0,33,27
2020-01-05 21:40:47.547000,74386.0,73235.0,33,27
2020-01-05 21:40:47.755000,74390.0,73239.0,33,27
2020-01-05 21:40:48.551000,74385.0,73234.0,33,27
2020-01-05 21:40:48.948000,74384.0,73233.0,33,27
2020-01-05 21:40:49.587000,74387.0,73236.0,33,27
2020-01-05 21:40:50.293000,74384.0,73233.0,33,27
2020-01-05 21:40:50.679000,74387.0,73236.0,33,27
2020-01-05 21:40:50.877000,74384.0,73233.0,33,27
2020-01-05 21:40:51.333000,74386.0,73235.0,33,27
2020-01-05 21:40:51.523000,74388.0,73237.0,33,27
2020-01-05 21:40:51.725000,74386.0,73235.0,33,27
2020-01-05 21:40:52.418000,74388.0,73237.0,33,27
2020-01-05 21:40:55.603000,74385.0,73234.0,33,27
2020-01-05 21:40:55.866000,74388.0,73237.0,33,27
2020-01-05 21:40:56.266000,74389.0,73238.0,33,27
2020-01-05 21:40:56.968000,74386.0,73235.0,33,27
2020-01-05 21:40:57.169000,74387.0,73236.0,33,27
2020-01-05 21:41:10.595000,74388.0,73237.0,33,27
2020-01-05 21:41:13.452000,74386.0,73235.0,33,27
2020-01-05 21:41:14.255000,74385.0,73234.0,33,27
2020-01-05 21:41:15.266000,74386.0,73235.0,33,27
2020-01-05 21:41:20.347000,74384.0,73233.0,33,27
2020-01-05 21:41:21.255000,74386.0,73235.0,33,27
2020-01-05 21:41:43.574000,74385.0,73235.0,33,27
2020-01-05 21:41:47.842000,74386.0,73235.0,33,27
2020-01-05 21:41:48.629000,74385.0,73235.0,33,27
2020-01-05 21:41:49.128000,74385.0,73234.0,33,27
2020-01-05 21:41:49.524000,74386.0,73235.0,33,27
2020-01-05 21:41:49.718000,74388.0,73237.0,33,27
2020-01-05 21:41:49.919000,74385.0,73235.0,33,27
2020-01-05 21:41:50.118000,74385.0,73234.0,33,27
2020-01-05 21:41:50.720000,74390.0,73240.0,33,27
2020-01-05 21:41:51.119000,74390.0,73239.0,33,27
2020-01-05 21:41:51.319000,74388.0,73237.0,33,27
2020-01-05 21:41:51.719000,74390.0,73240.0,33,27
2020-01-05 21:41:51.920000,74390.0,73239.0,33,27
2020-01-05 21:41:52.119000,74389.0,73238.0,33,27
2020-01-05 21:41:52.532000,74388.0,73237.0,33,27
2020-01-05 21:41:52.718000,74389.0,73238.0,33,27
2020-01-05 21:41:53.123000,74388.0,73237.0,33,27
2020-01-05 21:41:53.328000,74389.0,73238.0,33,27
2020-01-05 21:41:53.554000,74388.0,73237.0,33,27
2020-01-05 21:41:56.023000,74385.0,73234.0,33,27
2020-01-05 21:41:56.424000,74388.0,73237.0,33,27
2020-01-05 21:41:56.625000,74385.0,73234.0,33,27
2020-01-05 21:41:56.823000,74388.0,73237.0,33,27
2020-01-05 21:41:57.626000,74385.0,73234.0,33,27
2020-01-05 21:41:58.230000,74390.0,73239.0,33,27
2020-01-05 21:41:58.428000,74388.0,73237.0,33,27
2020-01-05 21:41:58.627000,74389.0,73238.0,33,27
2020-01-05 21:41:59.232000,74388.0,73237.0,33,27
2020-01-05 21:41:59.493000,74386.0,73235.0,33,27
2020-01-05 21:41:59.893000,74385.0,73234.0,33,27
2020-01-05 21:42:00.494000,74387.0,73237.0,33,27
2020-01-05 21:42:00.693000,74387.0,73236.0,33,27
2020-01-05 21:42:01.093000,74390.0,73239.0,33,27
2020-01-05 21:42:01.305000,74387.0,73236.0,33,27
2020-01-05 21:42:01.494000,74390.0,73239.0,33,27
2020-01-05 21:42:01.695000,74387.0,73236.0,33,27
2020-01-05 21:42:01.895000,74390.0,73239.0,33,27
2020-01-05 21:42:02.294000,74387.0,73236.0,33,27
2020-01-05 21:42:03.693000,74386.0,73236.0,33,27
2020-01-05 21:42:03.894000,74387.0,73236.0,33,27
2020-01-05 21:42:04.093000,74386.0,73236.0,33,27
2020-01-05 21:42:04.695000,74386.0,73235.0,33,27
2020-01-05 21:42:04.893000,74387.0,73236.0,33,27
2020-01-05 21:42:07.694000,74388.0,73237.0,33,27
2020-01-05 21:42:08.095000,74390.0,73239.0,33,27
2020-01-05 21:42:08.701000,74386.0,73235.0,33,27
2020-01-05 21:42:09.696000,74387.0,73237.0,33,27
2020-01-05 21:42:10.694000,74389.0,73238.0,33,27
2020-01-05 21:42:11.298000,74388.0,73238.0,33,27
2020-01-05 21:42:11.496000,74389.0,73238.0,33,27
2020-01-05 21:42:11.700000,74390.0,73239.0,33,27
2020-01-05 21:42:13.327000,74389.0,73238.0,33,27
2020-01-05 21:42:13.434000,74387.0,73236.0,33,27
2020-01-05 21:42:15.828000,74385.0,73234.0,33,27
2020-01-05 21:42:16.050000,74388.0,73237.0,33,27
2020-01-05 21:42:16.841000,74389.0,73238.0,33,27
2020-01-05 21:42:19.937000,74388.0,73237.0,33,27
2020-01-05 21:42:20.361000,74389.0,73239.0,33,27
2020-01-05 21:42:30.190000,74390.0,73239.0,33,27
2020-01-05 21:42:30.709000,74389.0,73239.0,33,27
2020-01-05 21:42:32.422000,74390.0,73239.0,33,27
2020-01-05 21:42:36.406000,74391.0,73240.0,33,27
2020-01-05 21:42:36.606000,74392.0,73241.0,33,27
2020-01-05 21:42:36.805000,74391.0,73240.0,33,27
2020-01-05 21:42:37.530000,74388.0,73237.0,33,27
2020-01-05 21:42:37.929000,74390.0,73239.0,33,27
2020-01-05 21:42:38.130000,74387.0,73236.0,33,27
2020-01-05 21:42:39.289000,74388.0,73237.0,33,27
2020-01-05 21:42:40.093000,74390.0,73239.0,33,27
2020-01-05 21:42:41.359000,74389.0,73238.0,33,27
2020-01-05 21:42:41.560000,74391.0,73240.0,33,27
2020-01-05 21:42:41.759000,74388.0,73237.0,33,27
2020-01-05 21:42:41.995000,74387.0,73236.0,33,27
2020-01-05 21:42:43.873000,74388.0,73237.0,33,27
2020-01-05 21:42:45.191000,74387.0,73236.0,33,27
2020-01-05 21:42:46.433000,74386.0,73235.0,33,27
2020-01-05 21:42:47.446000,74387.0,73236.0,33,27
2020-01-05 21:42:49.596000,74386.0,73235.0,33,27
2020-01-05 21:42:49.796000,74387.0,73236.0,33,27
2020-01-05 21:42:49.996000,74386.0,73235.0,33,27
2020-01-05 21:42:50.196000,74386.0,73236.0,33,27
2020-01-05 21:42:50.398000,74387.0,73236.0,33,27
2020-01-05 21:42:50.597000,74385.0,73234.0,33,27
2020-01-05 21:42:51.885000,74386.0,73235.0,33,27
2020-01-05 21:42:55.646000,74385.0,73234.0,33,27
2020-01-05 21:42:56.468000,74386.0,73235.0,33,27
2020-01-05 21:42:57.066000,74385.0,73234.0,33,27
2020-01-05 21:42:57.466000,74384.0,73233.0,33,27
2020-01-05 21:42:57.665000,74386.0,73235.0,33,27
2020-01-05 21:42:58.867000,74384.0,73233.0,33,27
2020-01-05 21:42:59.067000,74382.0,73231.0,33,27
2020-01-05 21:42:59.300000,74380.0,73229.0,33,27
2020-01-05 21:42:59.856000,74378.0,73227.0,33,27
2020-01-05 21:43:00.456000,74377.0,73226.0,33,27
2020-01-05 21:43:01.946000,74380.0,73229.0,33,27
2020-01-05 21:43:02.144000,74379.0,73228.0,33,27
2020-01-05 21:43:02.343000,74373.0,73222.0,33,27
2020-01-05 21:43:02.812000,74375.0,73224.0,33,27
2020-01-05 21:43:03.008000,74371.0,73220.0,33,27
2020-01-05 21:43:04.274000,74370.0,73219.0,33,27
2020-01-05 21:43:04.803000,74365.0,73214.0,33,27
2020-01-05 21:43:05.210000,74364.0,73213.0,33,27
2020-01-05 21:43:07.267000,74361.0,73210.0,33,27
2020-01-05 21:43:07.672000,74362.0,73211.0,33,27
2020-01-05 21:43:08.571000,74364.0,73213.0,33,27
2020-01-05 21:43:12.280000,74365.0,73214.0,33,27
2020-01-05 21:43:18.129000,74366.0,73215.0,33,27
2020-01-05 21:43:18.584000,74369.0,73219.0,33,27
2020-01-05 21:43:24.909000,74369.0,73218.0,33,27
2020-01-05 21:43:25.280000,74369.0,73219.0,33,27
2020-01-05 21:43:28.198000,74371.0,73220.0,33,27
2020-01-05 21:43:34.073000,74375.0,73224.0,33,27
2020-01-05 21:43:36.733000,74370.0,73219.0,33,27
2020-01-05 21:43:36.932000,74368.0,73217.0,33,27
2020-01-05 21:43:37.384000,74365.0,73214.0,33,27
2020-01-05 21:43:37.784000,74367.0,73216.0,33,27
2020-01-05 21:43:38.169000,74368.0,73217.0,33,27
2020-01-05 21:43:43.285000,74370.0,73219.0,33,27
2020-01-05 21:43:52.067000,74371.0,73220.0,33,27
2020-01-05 21:43:59.456000,74375.0,73224.0,33,27
2020-01-05 21:44:02.361000,74370.0,73219.0,33,27
2020-01-05 21:44:03.465000,74374.0,73223.0,33,27
2020-01-05 21:44:05.522000,74370.0,73219.0,33,27
2020-01-05 21:44:06.272000,74374.0,73223.0,33,27
2020-01-05 21:44:07.253000,74375.0,73224.0,33,27
2020-01-05 21:44:08.270000,74377.0,73226.0,33,27
2020-01-05 21:44:08.469000,74375.0,73224.0,33,27
2020-01-05 21:44:09.406000,74377.0,73226.0,33,27
2020-01-05 21:44:13.649000,74375.0,73224.0,33,27
2020-01-05 21:44:14.646000,74378.0,73227.0,33,27
2020-01-05 21:44:21.171000,74376.0,73225.0,33,27
2020-01-05 21:44:22.670000,74377.0,73226.0,33,27
2020-01-05 21:44:24.669000,74375.0,73224.0,33,27
2020-01-05 21:44:26.197000,74362.0,73211.0,33,27
2020-01-05 21:44:27.110000,74364.0,73213.0,33,27
2020-01-05 21:44:36.394000,74365.0,73215.0,33,27
2020-01-05 21:44:37.279000,74369.0,73218.0,33,27
2020-01-05 21:44:40.715000,74366.0,73215.0,33,27
2020-01-05 21:44:52.598000,74365.0,73214.0,33,27
2020-01-05 21:45:03.643000,74368.0,73217.0,33,27
2020-01-05 21:45:09.428000,74366.0,73216.0,33,27
2020-01-05 21:45:09.703000,74364.0,73213.0,33,27
2020-01-05 21:45:10.514000,74365.0,73214.0,33,27
2020-01-05 21:45:10.985000,74364.0,73213.0,33,27
2020-01-05 21:45:17.442000,74366.0,73216.0,33,27
2020-01-05 21:45:25.463000,74370.0,73219.0,33,27
2020-01-05 21:45:26.780000,74369.0,73218.0,33,27
2020-01-05 21:45:28.816000,74375.0,73224.0,33,27
2020-01-05 21:45:29.033000,74376.0,73225.0,33,27
2020-01-05 21:45:29.807000,74375.0,73224.0,33,27
2020-01-05 21:45:31.809000,74375.0,73225.0,33,27
2020-01-05 21:45:34.818000,74376.0,73225.0,33,27
2020-01-05 21:45:37.068000,74377.0,73226.0,33,27
2020-01-05 21:45:40.072000,74376.0,73225.0,33,27
2020-01-05 21:45:47.722000,74377.0,73226.0,33,27
2020-01-05 21:45:49.400000,74371.0,73221.0,33,27
2020-01-05 21:45:50.406000,74375.0,73224.0,33,27
2020-01-05 21:45:53.472000,74374.0,73223.0,33,27
2020-01-05 21:45:54.526000,74375.0,73224.0,33,27
2020-01-05 21:45:56.504000,74376.0,73225.0,33,27
2020-01-05 21:45:56.702000,74374.0,73223.0,33,27
2020-01-05 21:45:57.505000,74376.0,73225.0,33,27
2020-01-05 21:45:58.664000,74375.0,73224.0,33,27
2020-01-05 21:45:59.711000,74372.0,73221.0,33,27
2020-01-05 21:46:00.694000,74374.0,73223.0,33,27
2020-01-05 21:46:02.789000,74372.0,73221.0,33,27
2020-01-05 21:46:03.836000,74371.0,73221.0,33,27
2020-01-05 21:46:05.844000,74370.0,73220.0,33,27
2020-01-05 21:46:06.043000,74370.0,73219.0,33,27
2020-01-05 21:46:08.877000,74372.0,73221.0,33,27
2020-01-05 21:46:09.972000,74370.0,73219.0,33,27
2020-01-05 21:46:11.002000,74372.0,73221.0,33,27
2020-01-05 21:46:11.422000,74375.0,73224.0,33,27
2020-01-05 21:46:11.623000,74377.0,73227.0,33,27
2020-01-05 21:46:13.003000,74377.0,73226.0,33,27
2020-01-05 21:46:19.147000,74374.0,73223.0,33,27
2020-01-05 21:46:27.336000,74377.0,73227.0,33,27
2020-01-05 21:46:29.999000,74378.0,73227.0,33,27
2020-01-05 21:46:30.984000,74377.0,73227.0,33,27
2020-01-05 21:46:31.804000,74378.0,73227.0,33,27
2020-01-05 21:46:34.784000,74381.0,73230.0,33,27
2020-01-05 21:46:34.983000,74382.0,73231.0,33,27
2020-01-05 21:46:35.491000,74386.0,73235.0,33,27
2020-01-05 21:46:35.693000,74391.0,73240.0,33,27
2020-01-05 21:46:35.890000,74397.0,73247.0,33,27
2020-01-05 21:46:36.091000,74404.0,73253.0,33,27
2020-01-05 21:46:39.003000,74405.0,73254.0,33,27
2020-01-05 21:46:58.139000,74399.0,73248.0,33,27
2020-01-05 21:46:58.504000,74405.0,73254.0,33,27
2020-01-05 21:47:13.002000,74406.0,73255.0,33,27
2020-01-05 21:47:13.515000,74408.0,73257.0,33,27
2020-01-05 21:47:26.385000,74407.0,73256.0,33,27
2020-01-05 21:47:27.947000,74405.0,73254.0,33,27
2020-01-05 21:47:28.147000,74398.0,73247.0,33,27
2020-01-05 21:47:28.948000,74398.0,73248.0,33,27
2020-01-05 21:47:32.453000,74410.0,73259.0,33,27
2020-01-05 21:47:35.010000,74411.0,73260.0,33,27
2020-01-05 21:47:39.982000,74412.0,73261.0,33,27
2020-01-05 21:47:40.493000,74422.0,73272.0,33,27
2020-01-05 21:47:42.131000,74423.0,73272.0,33,27
2020-01-05 21:47:45.263000,74422.0,73272.0,33,27
2020-01-05 21:47:47.291000,74423.0,73272.0,33,27
2020-01-05 21:47:53.849000,74427.0,73276.0,33,27
2020-01-05 21:47:56.943000,74428.0,73277.0,33,27
2020-01-05 21:48:16.988000,74427.0,73276.0,33,27
2020-01-05 21:48:21.517000,74425.0,73274.0,33,27
2020-01-05 21:48:22.305000,74426.0,73275.0,33,27
2020-01-05 21:48:26.383000,74427.0,73276.0,33,27
2020-01-05 21:48:26.584000,74428.0,73277.0,33,27
2020-01-05 21:48:34.806000,74423.0,73272.0,33,27
2020-01-05 21:48:35.445000,74418.0,73267.0,33,27
2020-01-05 21:48:35.845000,74421.0,73270.0,33,27
2020-01-05 21:48:36.277000,74419.0,73268.0,33,27
2020-01-05 21:48:36.475000,74417.0,73266.0,33,27
2020-01-05 21:48:36.823000,74412.0,73261.0,33,27
2020-01-05 21:48:37.404000,74411.0,73260.0,33,27
2020-01-05 21:48:40.574000,74412.0,73261.0,33,27
2020-01-05 21:48:40.774000,74407.0,73256.0,33,27
2020-01-05 21:48:41.173000,74403.0,73252.0,33,27
2020-01-05 21:48:45.930000,74408.0,73257.0,33,27
2020-01-05 21:48:46.923000,74402.0,73251.0,33,27
2020-01-05 21:48:49.902000,74403.0,73252.0,33,27
2020-01-05 21:48:51.908000,74406.0,73255.0,33,27
2020-01-05 21:48:55.172000,74408.0,73257.0,33,27
2020-01-05 21:48:59.203000,74405.0,73254.0,33,27
2020-01-05 21:49:02.258000,74403.0,73252.0,33,27
2020-01-05 21:49:03.265000,74404.0,73253.0,33,27
2020-01-05 21:49:05.503000,74403.0,73252.0,33,27
2020-01-05 21:49:06.322000,74405.0,73254.0,33,27
2020-01-05 21:49:07.555000,74406.0,73255.0,33,27
2020-01-05 21:49:13.394000,74407.0,73256.0,33,27
2020-01-05 21:49:14.895000,74409.0,73258.0,33,27
2020-01-05 21:49:15.097000,74410.0,73259.0,33,27
2020-01-05 21:49:17.912000,74412.0,73261.0,33,27
2020-01-05 21:49:18.453000,74419.0,73268.0,33,27
2020-01-05 21:49:19.366000,74419.0,73269.0,33,27
2020-01-05 21:49:19.565000,74420.0,73269.0,33,27
2020-01-05 21:49:19.966000,74420.0,73270.0,33,27
2020-01-05 21:49:20.371000,74421.0,73270.0,33,27
2020-01-05 21:49:23.546000,74425.0,73274.0,33,27
2020-01-05 21:49:28.319000,74424.0,73273.0,33,27
2020-01-05 21:49:33.334000,74428.0,73277.0,33,27
2020-01-05 21:49:41.587000,74426.0,73275.0,33,27
2020-01-05 21:49:41.790000,74427.0,73276.0,33,27
2020-01-05 21:49:42.557000,74426.0,73275.0,33,27
2020-01-05 21:49:43.364000,74429.0,73278.0,33,27
2020-01-05 21:49:44.417000,74426.0,73275.0,33,27
2020-01-05 21:49:44.818000,74425.0,73275.0,33,27
2020-01-05 21:49:45.017000,74426.0,73275.0,33,27
2020-01-05 21:49:47.365000,74429.0,73279.0,33,27
2020-01-05 21:49:47.719000,74425.0,73274.0,33,27
2020-01-05 21:49:49.037000,74427.0,73276.0,33,27
2020-01-05 21:49:51.841000,74425.0,73274.0,33,27
2020-01-05 21:49:56.922000,74427.0,73276.0,33,27
2020-01-05 21:49:57.381000,74426.0,73275.0,33,27
2020-01-05 21:49:59.825000,74427.0,73276.0,33,27
2020-01-05 21:50:02.774000,74426.0,73275.0,33,27
2020-01-05 21:50:05.041000,74425.0,73274.0,33,27
2020-01-05 21:50:07.440000,74424.0,73273.0,33,27
2020-01-05 21:50:22.679000,74427.0,73276.0,33,27
2020-01-05 21:50:29.125000,74426.0,73275.0,33,27
2020-01-05 21:50:32.532000,74430.0,73279.0,33,27
2020-01-05 21:50:49.890000,74431.0,73280.0,33,27
2020-01-05 21:50:58.406000,74429.0,73278.0,33,27
2020-01-05 21:50:58.765000,74431.0,73280.0,33,27
2020-01-05 21:51:26.989000,74429.0,73278.0,33,27
2020-01-05 21:51:35.965000,74431.0,73280.0,33,27
2020-01-05 21:51:38.990000,74433.0,73282.0,33,27
2020-01-05 21:51:39.188000,74434.0,73283.0,33,27
2020-01-05 21:51:44.214000,74435.0,73284.0,33,27
2020-01-05 21:51:46.194000,74434.0,73283.0,33,27
2020-01-05 21:51:48.244000,74431.0,73280.0,33,27
2020-01-05 21:51:49.343000,74429.0,73278.0,33,27
2020-01-05 21:51:49.544000,74432.0,73281.0,33,27
2020-01-05 21:52:01.387000,74431.0,73280.0,33,27
2020-01-05 21:52:01.578000,74430.0,73280.0,33,27
2020-01-05 21:52:04.450000,74432.0,73282.0,33,27
2020-01-05 21:52:04.651000,74432.0,73281.0,33,27
2020-01-05 21:52:09.482000,74431.0,73280.0,33,27
2020-01-05 21:52:19.756000,74432.0,73281.0,33,27
2020-01-05 21:52:26.521000,74431.0,73280.0,33,27
2020-01-05 21:52:34.561000,74432.0,73281.0,33,27
2020-01-05 21:52:36.207000,74431.0,73280.0,33,27
2020-01-05 21:52:37.591000,74432.0,73281.0,33,27
2020-01-05 21:52:38.308000,74431.0,73280.0,33,27
2020-01-05 21:52:39.894000,74432.0,73281.0,33,27
2020-01-05 21:52:40.094000,74431.0,73280.0,33,27
2020-01-05 21:52:41.350000,74430.0,73280.0,33,27
2020-01-05 21:52:42.130000,74431.0,73280.0,33,27
2020-01-05 21:52:42.332000,74431.0,73281.0,33,27
2020-01-05 21:52:43.251000,74432.0,73281.0,33,27
2020-01-05 21:52:44.103000,74431.0,73281.0,33,27
2020-01-05 21:52:44.304000,74432.0,73281.0,33,27
2020-01-05 21:52:47.711000,74431.0,73281.0,33,27
2020-01-05 21:52:47.912000,74432.0,73281.0,33,27
2020-01-05 21:52:51.416000,74431.0,73281.0,33,27
2020-01-05 21:52:51.654000,74432.0,73281.0,33,27
2020-01-05 21:52:55.513000,74431.0,73281.0,33,27
2020-01-05 21:52:55.965000,74432.0,73281.0,33,27
2020-01-05 21:53:02.918000,74431.0,73281.0,33,27
2020-01-05 21:53:05.145000,74431.0,73280.0,33,27
2020-01-05 21:53:12.895000,74432.0,73281.0,33,27
2020-01-05 21:53:13.295000,74431.0,73280.0,33,27
2020-01-05 21:53:17.245000,74432.0,73281.0,33,27
2020-01-05 21:53:23.834000,74431.0,73280.0,33,27
2020-01-05 21:53:25.557000,74432.0,73281.0,33,27
2020-01-05 21:53:25.757000,74431.0,73280.0,33,27
2020-01-05 21:53:32.856000,74432.0,73281.0,33,27
2020-01-05 21:53:34.187000,74431.0,73281.0,33,27
2020-01-05 21:53:34.584000,74431.0,73280.0,33,27
2020-01-05 21:53:37.625000,74430.0,73279.0,33,27
2020-01-05 21:53:39.014000,74429.0,73278.0,33,27
2020-01-05 21:53:40.105000,74431.0,73281.0,33,27
2020-01-05 21:53:40.985000,74430.0,73280.0,33,27
2020-01-05 21:53:41.184000,74425.0,73274.0,33,27
2020-01-05 21:53:41.811000,74426.0,73276.0,33,27
2020-01-05 21:53:42.363000,74428.0,73277.0,33,27
2020-01-05 21:53:43.099000,74427.0,73276.0,33,27
2020-01-05 21:53:43.637000,74425.0,73274.0,33,27
2020-01-05 21:53:43.838000,74421.0,73270.0,33,27
2020-01-05 21:53:44.239000,74417.0,73266.0,33,27
2020-01-05 21:53:44.437000,74396.0,73245.0,33,27
2020-01-05 21:53:45.237000,74391.0,73240.0,33,27
2020-01-05 21:53:45.955000,74386.0,73235.0,33,27
2020-01-05 21:53:46.155000,74382.0,73231.0,33,27
2020-01-05 21:53:46.356000,74379.0,73228.0,33,27
2020-01-05 21:53:46.559000,74377.0,73226.0,33,27
2020-01-05 21:53:46.756000,74378.0,73228.0,33,27
2020-01-05 21:53:46.957000,74378.0,73227.0,33,27
2020-01-05 21:53:47.157000,74373.0,73222.0,33,27
2020-01-05 21:53:47.357000,74372.0,73221.0,33,27
2020-01-05 21:53:47.756000,74369.0,73218.0,33,27
2020-01-05 21:53:47.956000,74367.0,73216.0,33,27
2020-01-05 21:53:48.195000,74366.0,73215.0,33,27
2020-01-05 21:53:49.539000,74367.0,73216.0,33,27
2020-01-05 21:53:49.692000,74360.0,73209.0,33,27
2020-01-05 21:53:50.360000,74359.0,73208.0,33,27
2020-01-05 21:53:51.529000,74358.0,73207.0,33,27
2020-01-05 21:53:51.718000,74356.0,73205.0,33,27
2020-01-05 21:53:51.911000,74355.0,73205.0,33,27
2020-01-05 21:53:53.297000,74344.0,73194.0,33,27
2020-01-05 21:53:53.631000,74343.0,73192.0,33,27
2020-01-05 21:53:54.157000,74339.0,73188.0,33,27
2020-01-05 21:53:54.353000,74338.0,73187.0,33,27
2020-01-05 21:53:55.208000,74334.0,73183.0,33,27
2020-01-05 21:53:55.657000,74342.0,73191.0,33,27
2020-01-05 21:53:57.688000,74341.0,73190.0,33,27
2020-01-05 21:53:59.649000,74342.0,73191.0,33,27
2020-01-05 21:53:59.844000,74343.0,73192.0,33,27
2020-01-05 21:54:00.962000,74345.0,73194.0,33,27
2020-01-05 21:54:01.163000,74346.0,73195.0,33,27
2020-01-05 21:54:01.701000,74345.0,73194.0,33,27
2020-01-05 21:54:01.901000,74346.0,73195.0,33,27
2020-01-05 21:54:02.102000,74345.0,73194.0,33,27
2020-01-05 21:54:02.507000,74346.0,73195.0,33,27
2020-01-05 21:54:04.954000,74343.0,73193.0,33,27
2020-01-05 21:54:05.381000,74338.0,73187.0,33,27
2020-01-05 21:54:05.789000,74337.0,73186.0,33,27
2020-01-05 21:54:06.306000,74341.0,73190.0,33,27
2020-01-05 21:54:08.357000,74340.0,73189.0,33,27
2020-01-05 21:54:08.783000,74336.0,73185.0,33,27
2020-01-05 21:54:09.274000,74340.0,73189.0,33,27
2020-01-05 21:54:09.473000,74339.0,73188.0,33,27
2020-01-05 21:54:10.074000,74336.0,73185.0,33,27
2020-01-05 21:54:10.582000,74337.0,73186.0,33,27
2020-01-05 21:54:16.157000,74335.0,73185.0,33,27
2020-01-05 21:54:18.725000,74335.0,73184.0,33,27
2020-01-05 21:54:19.187000,74334.0,73183.0,33,27
2020-01-05 21:54:21.440000,74338.0,73187.0,33,27
2020-01-05 21:54:21.848000,74333.0,73182.0,33,27
2020-01-05 21:54:22.244000,74332.0,73181.0,33,27
2020-01-05 21:54:22.641000,74333.0,73182.0,33,27
2020-01-05 21:54:22.955000,74332.0,73181.0,33,27
2020-01-05 21:54:23.157000,74333.0,73182.0,33,27
2020-01-05 21:54:23.356000,74332.0,73181.0,33,27
2020-01-05 21:54:24.386000,74331.0,73180.0,33,27
2020-01-05 21:54:24.585000,74332.0,73181.0,33,27
2020-01-05 21:54:25.385000,74331.0,73180.0,33,27
2020-01-05 21:54:25.586000,74330.0,73179.0,33,27
2020-01-05 21:54:26.785000,74332.0,73181.0,33,27
2020-01-05 21:54:27.221000,74331.0,73180.0,33,27
2020-01-05 21:54:27.614000,74332.0,73181.0,33,27
2020-01-05 21:54:27.935000,74331.0,73180.0,33,27
2020-01-05 21:54:28.134000,74331.0,73181.0,33,27
2020-01-05 21:54:28.334000,74331.0,73180.0,33,27
2020-01-05 21:54:30.337000,74330.0,73179.0,33,27
2020-01-05 21:54:30.531000,74332.0,73181.0,33,27
2020-01-05 21:54:30.985000,74331.0,73180.0,33,27
2020-01-05 21:54:31.383000,74332.0,73181.0,33,27
2020-01-05 21:54:33.098000,74331.0,73180.0,33,27
2020-01-05 21:54:35.580000,74330.0,73179.0,33,27
2020-01-05 21:54:39.476000,74327.0,73176.0,33,27
2020-01-05 21:54:40.278000,74325.0,73174.0,33,27
2020-01-05 21:54:40.476000,74326.0,73175.0,33,27
2020-01-05 21:54:40.678000,74328.0,73177.0,33,27
2020-01-05 21:54:41.540000,74327.0,73176.0,33,27
2020-01-05 21:54:41.969000,74326.0,73175.0,33,27
2020-01-05 21:54:42.225000,74324.0,73173.0,33,27
2020-01-05 21:54:45.217000,74321.0,73170.0,33,27
2020-01-05 21:54:45.415000,74324.0,73173.0,33,27
2020-01-05 21:54:46.916000,74323.0,73172.0,33,27
2020-01-05 21:54:47.400000,74324.0,73173.0,33,27
2020-01-05 21:54:47.900000,74323.0,73172.0,33,27
2020-01-05 21:54:51.186000,74321.0,73170.0,33,27
2020-01-05 21:54:51.382000,74323.0,73172.0,33,27
2020-01-05 21:54:51.581000,74321.0,73170.0,33,27
2020-01-05 21:54:52.911000,74320.0,73170.0,33,27
2020-01-05 21:54:53.367000,74324.0,73173.0,33,27
2020-01-05 21:54:53.842000,74306.0,73155.0,33,27
2020-01-05 21:54:58.787000,74305.0,73154.0,33,27
2020-01-05 21:54:59.758000,74307.0,73156.0,33,27
2020-01-05 21:54:59.951000,74306.0,73155.0,33,27
2020-01-05 21:55:04.837000,74317.0,73166.0,33,27
2020-01-05 21:55:05.229000,74296.0,73145.0,33,27
2020-01-05 21:55:05.428000,74299.0,73148.0,33,27
2020-01-05 21:55:05.628000,74314.0,73163.0,33,27
2020-01-05 21:55:05.983000,74319.0,73168.0,33,27
2020-01-05 21:55:06.183000,74300.0,73149.0,33,27
2020-01-05 21:55:06.828000,74296.0,73145.0,33,27
2020-01-05 21:55:07.175000,74297.0,73146.0,33,27
2020-01-05 21:55:07.575000,74300.0,73149.0,33,27
2020-01-05 21:55:08.081000,74298.0,73147.0,33,27
2020-01-05 21:55:08.502000,74300.0,73149.0,33,27
2020-01-05 21:55:10.171000,74302.0,73151.0,33,27
2020-01-05 21:55:10.562000,74296.0,73146.0,33,27
2020-01-05 21:55:10.984000,74298.0,73147.0,33,27
2020-01-05 21:55:11.506000,74300.0,73149.0,33,27
