2021-04-30 00:00:00.669000,53618.9,53538.3,4,4
2021-04-30 00:00:00.773000,53618.9,53538.2,4,4
2021-04-30 00:00:00.876000,53618.9,53538.3,4,4
2021-04-30 00:00:01.077000,53620.0,53539.3,4,4
2021-04-30 00:00:01.492000,53619.9,53539.2,4,4
2021-04-30 00:00:01.805000,53620.0,53539.3,4,4
2021-04-30 00:00:02.117000,53621.5,53540.8,4,4
2021-04-30 00:00:02.373000,53620.7,53540.0,4,4
2021-04-30 00:00:02.542000,53620.6,53539.9,4,4
2021-04-30 00:00:02.997000,53620.3,53539.6,4,4
2021-04-30 00:00:03.265000,53620.0,53539.3,4,4
2021-04-30 00:00:03.367000,53618.7,53538.1,4,4
2021-04-30 00:00:03.470000,53618.6,53537.9,4,4
2021-04-30 00:00:03.575000,53618.1,53537.8,4,13
2021-04-30 00:00:03.684000,53618.7,53538.1,4,4
2021-04-30 00:00:05.124000,53618.8,53538.1,4,4
2021-04-30 00:00:05.241000,53618.7,53538.1,4,4
2021-04-30 00:00:05.860000,53618.4,53537.8,4,13
2021-04-30 00:00:07.078000,53618.5,53537.8,4,16
2021-04-30 00:00:07.180000,53618.4,53537.8,4,13
2021-04-30 00:00:07.334000,53618.3,53537.8,4,13
2021-04-30 00:00:07.458000,53618.2,53537.8,4,13
2021-04-30 00:00:08.269000,53618.1,53537.8,4,13
2021-04-30 00:00:08.886000,53618.2,53537.8,4,13
2021-04-30 00:00:09.597000,53618.1,53537.8,4,13
2021-04-30 00:00:09.715000,53617.9,53537.8,4,13
2021-04-30 00:00:09.970000,53617.8,53537.8,4,13
2021-04-30 00:00:10.666000,53617.9,53537.8,4,13
2021-04-30 00:00:10.769000,53617.0,53537.8,4,13
2021-04-30 00:00:11.666000,53615.6,53537.8,4,13
2021-04-30 00:00:13.410000,53615.4,53537.8,4,13
2021-04-30 00:00:13.511000,53613.6,53537.8,4,13
2021-04-30 00:00:13.827000,53615.3,53537.8,4,13
2021-04-30 00:00:14.069000,53616.7,53537.8,4,13
2021-04-30 00:00:14.220000,53615.3,53537.8,4,13
2021-04-30 00:00:14.333000,53616.3,53537.8,4,13
2021-04-30 00:00:14.386000,53613.6,53537.8,4,13
2021-04-30 00:00:14.644000,53612.1,53537.8,4,13
2021-04-30 00:00:14.895000,53614.7,53537.8,4,13
2021-04-30 00:00:14.995000,53615.1,53537.8,4,13
2021-04-30 00:00:15.096000,53614.5,53537.8,4,13
2021-04-30 00:00:15.196000,53614.8,53534.1,4,4
2021-04-30 00:00:15.317000,53614.5,53533.8,4,4
2021-04-30 00:00:15.565000,53612.2,53532.3,4,4
2021-04-30 00:00:15.671000,53615.1,53534.4,4,4
2021-04-30 00:00:15.922000,53615.0,53534.3,4,4
2021-04-30 00:00:16.198000,53614.8,53534.1,4,4
2021-04-30 00:00:16.336000,53615.1,53534.4,4,4
2021-04-30 00:00:16.439000,53614.5,53533.8,4,4
2021-04-30 00:00:16.594000,53615.1,53534.4,4,4
2021-04-30 00:00:16.699000,53614.5,53533.8,4,4
2021-04-30 00:00:16.801000,53615.3,53534.6,4,4
2021-04-30 00:00:16.902000,53615.8,53535.1,4,4
2021-04-30 00:00:17.052000,53616.3,53535.6,4,4
2021-04-30 00:00:17.162000,53622.3,53541.6,4,4
2021-04-30 00:00:17.795000,53623.1,53542.4,4,4
2021-04-30 00:00:18.179000,53617.3,53536.6,4,4
2021-04-30 00:00:18.412000,53617.1,53536.4,4,4
2021-04-30 00:00:18.513000,53615.8,53535.1,4,4
2021-04-30 00:00:18.663000,53616.5,53535.8,4,4
2021-04-30 00:00:18.769000,53615.8,53535.1,4,4
2021-04-30 00:00:18.870000,53616.5,53535.8,4,4
2021-04-30 00:00:19.032000,53615.6,53534.9,4,4
2021-04-30 00:00:19.183000,53615.4,53534.7,4,4
2021-04-30 00:00:19.298000,53616.2,53535.5,4,4
2021-04-30 00:00:19.404000,53614.7,53534.0,4,4
2021-04-30 00:00:19.505000,53615.9,53535.2,4,4
2021-04-30 00:00:19.621000,53615.3,53534.6,4,4
2021-04-30 00:00:19.726000,53615.7,53535.0,4,4
2021-04-30 00:00:20.032000,53614.4,53533.7,4,4
2021-04-30 00:00:20.134000,53615.6,53534.9,4,4
2021-04-30 00:00:20.239000,53614.4,53533.7,4,4
2021-04-30 00:00:20.341000,53615.7,53535.0,4,4
2021-04-30 00:00:20.566000,53613.6,53532.9,4,4
2021-04-30 00:00:20.670000,53615.0,53534.3,4,4
2021-04-30 00:00:20.821000,53613.6,53532.9,4,4
2021-04-30 00:00:20.955000,53614.7,53534.0,4,4
2021-04-30 00:00:21.067000,53613.9,53533.2,4,4
2021-04-30 00:00:21.228000,53614.7,53534.1,4,4
2021-04-30 00:00:21.278000,53614.3,53533.6,4,4
2021-04-30 00:00:21.379000,53611.6,53532.3,4,13
2021-04-30 00:00:21.590000,53611.1,53532.3,4,13
2021-04-30 00:00:21.722000,53613.4,53532.7,4,4
2021-04-30 00:00:21.828000,53611.1,53532.3,4,13
2021-04-30 00:00:21.936000,53610.2,53532.3,4,13
2021-04-30 00:00:22.610000,53613.0,53532.3,4,16
2021-04-30 00:00:22.711000,53612.7,53532.3,4,13
2021-04-30 00:00:22.862000,53610.2,53532.3,4,13
2021-04-30 00:00:23.693000,53610.1,53532.3,4,13
2021-04-30 00:00:23.844000,53609.4,53532.3,4,13
2021-04-30 00:00:23.994000,53608.1,53532.3,4,13
2021-04-30 00:00:24.045000,53609.3,53532.3,4,13
2021-04-30 00:00:24.145000,53611.2,53532.3,4,13
2021-04-30 00:00:24.246000,53612.3,53532.3,4,13
2021-04-30 00:00:24.347000,53612.6,53532.3,4,13
2021-04-30 00:00:24.448000,53612.3,53532.3,4,13
2021-04-30 00:00:24.553000,53612.4,53532.3,4,13
2021-04-30 00:00:24.657000,53612.4,53532.1,4,5
2021-04-30 00:00:24.708000,53613.0,53532.3,4,4
2021-04-30 00:00:24.908000,53612.9,53532.2,4,4
2021-04-30 00:00:25.011000,53612.5,53532.1,4,5
2021-04-30 00:00:25.112000,53609.9,53532.1,4,5
2021-04-30 00:00:25.213000,53607.5,53532.1,4,5
2021-04-30 00:00:25.422000,53608.1,53532.1,4,5
2021-04-30 00:00:25.544000,53607.9,53532.1,4,5
2021-04-30 00:00:25.694000,53606.7,53532.1,4,5
2021-04-30 00:00:25.795000,53607.3,53532.1,4,5
2021-04-30 00:00:25.858000,53605.1,53532.1,4,5
2021-04-30 00:00:26.109000,53604.7,53532.1,4,5
2021-04-30 00:00:26.270000,53604.4,53532.1,4,5
2021-04-30 00:00:26.421000,53604.5,53532.1,4,5
2021-04-30 00:00:26.579000,53605.1,53532.1,4,5
2021-04-30 00:00:26.680000,53606.9,53532.1,4,5
2021-04-30 00:00:26.787000,53604.6,53532.1,4,5
2021-04-30 00:00:26.889000,53604.5,53532.1,4,5
2021-04-30 00:00:27.006000,53603.4,53532.1,4,5
2021-04-30 00:00:27.169000,53603.9,53531.6,4,7
2021-04-30 00:00:27.269000,53603.4,53531.6,4,7
2021-04-30 00:00:27.504000,53604.5,53531.6,4,7
2021-04-30 00:00:27.710000,53603.9,53531.6,4,7
2021-04-30 00:00:27.812000,53604.5,53531.6,4,7
2021-04-30 00:00:28.116000,53603.9,53531.6,4,7
2021-04-30 00:00:28.782000,53599.0,53531.6,4,7
2021-04-30 00:00:29.253000,53599.6,53531.6,4,7
2021-04-30 00:00:29.455000,53596.7,53531.6,4,7
2021-04-30 00:00:29.557000,53596.5,53531.6,4,7
2021-04-30 00:00:29.808000,53594.2,53531.6,4,7
2021-04-30 00:00:30.065000,53595.7,53531.6,4,7
2021-04-30 00:00:30.182000,53594.2,53531.6,4,7
2021-04-30 00:00:30.283000,53596.7,53531.6,4,7
2021-04-30 00:00:30.759000,53594.2,53531.6,4,7
2021-04-30 00:00:30.827000,53598.9,53531.6,4,7
2021-04-30 00:00:30.934000,53594.2,53531.6,4,7
2021-04-30 00:00:31.257000,53591.4,53531.6,4,7
2021-04-30 00:00:32.857000,53594.4,53531.6,4,7
2021-04-30 00:00:32.957000,53591.4,53531.6,4,7
2021-04-30 00:00:33.167000,53591.4,53525.8,4,4
2021-04-30 00:00:33.296000,53593.6,53525.8,4,4
2021-04-30 00:00:33.446000,53591.4,53525.8,4,4
2021-04-30 00:00:33.677000,53594.4,53525.8,4,4
2021-04-30 00:00:33.756000,53591.4,53525.8,4,4
2021-04-30 00:00:33.858000,53594.4,53525.8,4,4
2021-04-30 00:00:33.965000,53594.7,53525.8,4,4
2021-04-30 00:00:34.227000,53594.2,53525.8,4,4
2021-04-30 00:00:34.328000,53591.4,53525.8,4,4
2021-04-30 00:00:35.692000,53592.6,53516.1,4,4
2021-04-30 00:00:35.803000,53591.4,53516.1,4,4
2021-04-30 00:00:37.694000,53591.4,53511.8,4,8
2021-04-30 00:00:39.686000,53591.4,53513.6,4,3
2021-04-30 00:00:41.666000,53591.4,53510.7,4,4
2021-04-30 00:00:41.767000,53591.3,53510.6,4,4
2021-04-30 00:00:43.164000,53591.3,53512.2,4,7
2021-04-30 00:00:43.265000,53593.3,53512.6,4,4
2021-04-30 00:00:43.365000,53591.3,53512.2,4,7
2021-04-30 00:00:43.466000,53591.3,53510.6,4,4
2021-04-30 00:00:43.566000,53593.3,53512.6,4,4
2021-04-30 00:00:43.717000,53591.3,53510.6,4,4
2021-04-30 00:00:43.926000,53591.3,53511.9,4,7
2021-04-30 00:00:43.976000,53593.0,53512.3,4,4
2021-04-30 00:00:44.371000,53591.3,53511.9,4,7
2021-04-30 00:00:44.421000,53591.3,53510.6,4,4
2021-04-30 00:00:44.485000,53593.2,53512.5,4,4
2021-04-30 00:00:44.635000,53591.3,53510.6,4,4
2021-04-30 00:00:44.784000,53593.3,53512.6,4,4
2021-04-30 00:00:44.938000,53591.3,53510.6,4,4
2021-04-30 00:00:45.135000,53593.3,53512.6,4,4
2021-04-30 00:00:45.906000,53595.0,53514.3,4,4
2021-04-30 00:00:46.007000,53601.1,53520.4,4,4
2021-04-30 00:00:46.123000,53604.1,53523.4,4,4
2021-04-30 00:00:46.273000,53603.1,53522.4,4,4
2021-04-30 00:00:46.398000,53602.7,53522.0,4,4
2021-04-30 00:00:46.499000,53603.1,53522.4,4,4
2021-04-30 00:00:46.649000,53602.7,53522.0,4,4
2021-04-30 00:00:47.199000,53603.0,53522.3,4,4
2021-04-30 00:00:47.303000,53604.0,53523.3,4,4
2021-04-30 00:00:47.406000,53608.6,53527.9,4,4
2021-04-30 00:00:47.508000,53603.9,53523.2,4,4
2021-04-30 00:00:47.714000,53607.7,53527.0,4,4
2021-04-30 00:00:47.817000,53607.5,53526.8,4,4
2021-04-30 00:00:47.967000,53603.9,53523.2,4,4
2021-04-30 00:00:48.068000,53605.1,53524.4,4,4
2021-04-30 00:00:48.169000,53603.5,53524.3,4,4
2021-04-30 00:00:48.509000,53603.0,53524.3,4,4
2021-04-30 00:00:48.611000,53603.4,53524.3,4,4
2021-04-30 00:00:48.716000,53606.2,53525.5,4,4
2021-04-30 00:00:48.926000,53607.3,53526.6,4,4
2021-04-30 00:00:49.027000,53606.0,53525.3,4,4
2021-04-30 00:00:49.206000,53607.3,53526.6,4,4
2021-04-30 00:00:49.434000,53604.6,53524.3,4,4
2021-04-30 00:00:49.536000,53603.9,53524.3,4,4
2021-04-30 00:00:49.757000,53602.7,53524.3,4,4
2021-04-30 00:00:49.981000,53600.9,53524.3,4,4
2021-04-30 00:00:50.100000,53600.7,53524.3,4,4
2021-04-30 00:00:50.250000,53600.2,53524.3,4,4
2021-04-30 00:00:50.352000,53600.0,53524.3,4,4
2021-04-30 00:00:50.473000,53600.3,53524.3,4,4
2021-04-30 00:00:50.573000,53599.6,53524.3,4,4
2021-04-30 00:00:50.680000,53599.5,53524.3,4,4
2021-04-30 00:00:50.917000,53600.1,53524.3,4,4
2021-04-30 00:00:51.023000,53599.8,53524.3,4,4
2021-04-30 00:00:51.457000,53601.2,53524.3,4,4
2021-04-30 00:00:51.658000,53601.3,53524.3,4,4
2021-04-30 00:00:51.811000,53602.7,53524.3,4,4
2021-04-30 00:00:51.915000,53598.8,53524.3,4,4
2021-04-30 00:00:52.019000,53602.6,53524.3,4,4
2021-04-30 00:00:52.119000,53598.8,53524.3,4,4
2021-04-30 00:00:52.220000,53601.4,53524.3,4,4
2021-04-30 00:00:52.335000,53601.1,53524.3,4,4
2021-04-30 00:00:52.940000,53602.6,53524.3,4,4
2021-04-30 00:00:53.042000,53602.9,53524.3,4,4
2021-04-30 00:00:53.147000,53603.2,53524.3,4,4
2021-04-30 00:00:53.249000,53602.9,53524.3,4,4
2021-04-30 00:00:53.355000,53603.0,53524.3,4,4
2021-04-30 00:00:53.505000,53602.4,53524.3,4,4
2021-04-30 00:00:53.606000,53602.1,53524.3,4,4
2021-04-30 00:00:54.168000,53601.8,53524.3,4,4
2021-04-30 00:00:54.273000,53602.5,53524.3,4,4
2021-04-30 00:00:54.390000,53602.2,53524.3,4,4
2021-04-30 00:00:54.505000,53601.5,53524.3,4,4
2021-04-30 00:00:54.710000,53600.8,53524.3,4,4
2021-04-30 00:00:54.911000,53601.8,53524.3,4,4
2021-04-30 00:00:55.011000,53598.8,53524.3,4,4
2021-04-30 00:00:55.112000,53601.9,53524.3,4,4
2021-04-30 00:00:55.262000,53602.0,53524.3,4,4
2021-04-30 00:00:55.327000,53602.2,53524.3,4,4
2021-04-30 00:00:55.478000,53602.1,53524.3,4,4
2021-04-30 00:00:55.550000,53601.1,53524.3,4,4
2021-04-30 00:00:55.706000,53602.0,53524.3,4,4
2021-04-30 00:00:55.808000,53600.8,53524.3,4,4
2021-04-30 00:00:57.177000,53600.8,53527.0,4,7
2021-04-30 00:00:58.687000,53600.8,53524.3,4,11
2021-04-30 00:00:58.856000,53600.9,53524.3,4,11
2021-04-30 00:00:59.041000,53601.1,53524.3,4,11
2021-04-30 00:00:59.518000,53601.4,53524.3,4,11
2021-04-30 00:00:59.773000,53601.1,53524.3,4,11
2021-04-30 00:01:00.341000,53601.2,53524.3,4,11
2021-04-30 00:01:00.950000,53601.1,53524.3,4,11
2021-04-30 00:01:01.799000,53601.3,53524.3,4,11
2021-04-30 00:01:01.949000,53601.4,53524.3,4,11
2021-04-30 00:01:02.106000,53601.2,53524.3,4,11
2021-04-30 00:01:02.449000,53601.4,53524.3,4,11
2021-04-30 00:01:02.650000,53601.4,53521.0,4,7
2021-04-30 00:01:02.700000,53601.2,53521.0,4,7
2021-04-30 00:01:02.803000,53601.5,53521.0,4,7
2021-04-30 00:01:02.906000,53602.0,53521.3,4,4
2021-04-30 00:01:03.009000,53602.5,53521.8,4,4
2021-04-30 00:01:03.159000,53602.0,53521.3,4,4
2021-04-30 00:01:03.649000,53602.0,53521.4,4,5
2021-04-30 00:01:03.750000,53602.0,53521.5,4,7
2021-04-30 00:01:04.149000,53602.0,53521.6,4,4
2021-04-30 00:01:04.199000,53603.0,53522.3,4,4
2021-04-30 00:01:04.439000,53602.8,53522.1,4,4
2021-04-30 00:01:04.540000,53602.6,53521.9,4,4
2021-04-30 00:01:06.103000,53607.9,53527.2,4,4
2021-04-30 00:01:06.204000,53607.8,53527.1,4,4
2021-04-30 00:01:06.610000,53606.8,53526.1,4,4
2021-04-30 00:01:06.837000,53607.8,53527.1,4,4
2021-04-30 00:01:06.956000,53608.6,53527.9,4,4
2021-04-30 00:01:07.217000,53608.5,53527.8,4,4
2021-04-30 00:01:07.367000,53609.2,53528.5,4,4
2021-04-30 00:01:07.958000,53608.9,53528.2,4,4
2021-04-30 00:01:08.564000,53608.8,53528.1,4,4
2021-04-30 00:01:08.714000,53609.8,53529.1,4,4
2021-04-30 00:01:09.160000,53612.6,53531.9,4,4
2021-04-30 00:01:09.311000,53611.1,53530.5,4,4
2021-04-30 00:01:09.363000,53611.0,53530.3,4,4
2021-04-30 00:01:09.641000,53610.3,53529.6,4,4
2021-04-30 00:01:09.743000,53611.0,53530.3,4,4
2021-04-30 00:01:09.948000,53611.1,53530.4,4,4
2021-04-30 00:01:10.102000,53611.0,53530.3,4,4
2021-04-30 00:01:10.203000,53600.2,53525.1,4,9
2021-04-30 00:01:10.253000,53600.9,53525.1,4,9
2021-04-30 00:01:10.458000,53599.6,53525.1,4,9
2021-04-30 00:01:10.711000,53600.9,53525.1,4,9
2021-04-30 00:01:10.811000,53599.6,53525.1,4,9
2021-04-30 00:01:10.991000,53600.9,53525.1,4,9
2021-04-30 00:01:11.179000,53599.6,53525.1,4,9
2021-04-30 00:01:11.980000,53600.9,53525.1,4,9
2021-04-30 00:01:12.422000,53600.6,53525.1,4,9
2021-04-30 00:01:12.558000,53600.9,53525.1,4,9
2021-04-30 00:01:13.631000,53599.6,53525.1,4,9
2021-04-30 00:01:13.751000,53602.1,53525.1,4,9
2021-04-30 00:01:13.855000,53599.2,53525.1,4,9
2021-04-30 00:01:13.958000,53597.9,53525.1,4,9
2021-04-30 00:01:14.108000,53598.2,53525.1,4,9
2021-04-30 00:01:14.265000,53597.8,53525.1,4,9
2021-04-30 00:01:14.367000,53598.0,53525.1,4,9
2021-04-30 00:01:14.472000,53597.6,53525.1,4,9
2021-04-30 00:01:14.628000,53596.2,53525.1,4,9
2021-04-30 00:01:16.463000,53594.4,53525.1,4,9
2021-04-30 00:01:16.664000,53594.4,53519.8,4,8
2021-04-30 00:01:16.906000,53594.9,53519.8,4,8
2021-04-30 00:01:17.009000,53594.4,53519.8,4,8
2021-04-30 00:01:17.110000,53594.0,53519.8,4,8
2021-04-30 00:01:17.214000,53594.9,53519.8,4,8
2021-04-30 00:01:17.339000,53596.2,53519.8,4,8
2021-04-30 00:01:17.449000,53594.4,53519.8,4,8
2021-04-30 00:01:17.550000,53594.9,53519.8,4,8
2021-04-30 00:01:17.658000,53595.4,53519.8,4,8
2021-04-30 00:01:17.762000,53594.4,53519.8,4,8
2021-04-30 00:01:17.864000,53596.2,53519.8,4,8
2021-04-30 00:01:18.655000,53594.4,53519.8,4,8
2021-04-30 00:01:18.756000,53596.2,53519.8,4,8
2021-04-30 00:01:18.862000,53596.5,53519.8,4,8
2021-04-30 00:01:19.069000,53596.6,53519.8,4,8
2021-04-30 00:01:19.412000,53596.5,53519.8,4,8
2021-04-30 00:01:19.891000,53596.6,53519.8,4,8
2021-04-30 00:01:20.180000,53599.1,53519.8,4,8
2021-04-30 00:01:20.349000,53596.6,53519.8,4,8
2021-04-30 00:01:21.024000,53599.0,53519.8,4,8
2021-04-30 00:01:21.232000,53599.6,53519.8,4,8
2021-04-30 00:01:21.339000,53599.0,53519.8,4,8
2021-04-30 00:01:21.440000,53596.6,53519.8,4,8
2021-04-30 00:01:21.540000,53599.0,53519.8,4,8
2021-04-30 00:01:21.647000,53596.6,53519.8,4,8
2021-04-30 00:01:21.898000,53598.7,53519.8,4,8
2021-04-30 00:01:22.051000,53598.8,53519.8,4,8
2021-04-30 00:01:22.214000,53599.1,53519.8,4,8
2021-04-30 00:01:22.306000,53598.2,53519.8,4,8
2021-04-30 00:01:22.662000,53596.6,53519.8,4,8
2021-04-30 00:01:22.870000,53596.5,53519.8,4,8
2021-04-30 00:01:23.433000,53595.9,53519.8,4,8
2021-04-30 00:01:23.534000,53593.1,53519.8,4,8
2021-04-30 00:01:24.620000,53590.4,53519.8,4,8
2021-04-30 00:01:25.653000,53590.4,53520.2,4,12
2021-04-30 00:01:26.649000,53590.4,53510.3,4,12
2021-04-30 00:01:27.109000,53589.6,53510.3,4,12
2021-04-30 00:01:27.313000,53585.5,53510.3,4,12
2021-04-30 00:01:27.650000,53585.5,53507.2,4,10
2021-04-30 00:01:27.745000,53585.5,53506.1,4,4
2021-04-30 00:01:28.101000,53583.7,53506.1,4,4
2021-04-30 00:01:28.151000,53583.7,53505.9,4,12
2021-04-30 00:01:28.586000,53582.1,53505.9,4,12
2021-04-30 00:01:28.746000,53581.8,53505.9,4,12
2021-04-30 00:01:28.852000,53577.1,53505.9,4,12
2021-04-30 00:01:28.956000,53577.9,53505.9,4,12
2021-04-30 00:01:29.178000,53568.3,53505.9,4,12
2021-04-30 00:01:29.540000,53568.8,53505.9,4,12
2021-04-30 00:01:29.807000,53568.3,53505.9,4,12
2021-04-30 00:01:30.187000,53568.3,53504.2,4,10
2021-04-30 00:01:34.647000,53568.3,53487.7,4,7
2021-04-30 00:01:34.797000,53568.3,53487.6,4,4
2021-04-30 00:01:34.902000,53570.0,53489.3,4,4
2021-04-30 00:01:35.103000,53571.6,53490.9,4,4
2021-04-30 00:01:35.469000,53573.9,53493.2,4,4
2021-04-30 00:01:35.636000,53570.7,53490.0,4,4
2021-04-30 00:01:35.787000,53571.3,53490.6,4,4
2021-04-30 00:01:35.947000,53571.1,53490.4,4,4
2021-04-30 00:01:36.098000,53569.6,53488.9,4,4
2021-04-30 00:01:36.201000,53571.7,53491.0,4,4
2021-04-30 00:01:37.219000,53569.0,53488.3,4,4
2021-04-30 00:01:37.557000,53569.9,53489.2,4,4
2021-04-30 00:01:38.156000,53567.4,53486.7,4,4
2021-04-30 00:01:38.556000,53566.0,53485.3,4,4
2021-04-30 00:01:40.512000,53566.1,53485.4,4,4
2021-04-30 00:01:40.819000,53565.9,53485.2,4,4
2021-04-30 00:01:43.188000,53566.0,53485.3,4,4
2021-04-30 00:01:43.393000,53565.9,53485.2,4,4
2021-04-30 00:01:45.129000,53565.9,53485.3,4,4
2021-04-30 00:01:45.862000,53565.9,53485.2,4,4
2021-04-30 00:01:46.257000,53566.1,53485.4,4,4
2021-04-30 00:01:50.084000,53566.2,53485.5,4,4
2021-04-30 00:01:50.620000,53566.2,53485.6,4,4
2021-04-30 00:01:50.792000,53567.3,53486.6,4,4
2021-04-30 00:01:51.191000,53566.2,53485.6,4,4
2021-04-30 00:01:51.692000,53569.3,53488.6,4,4
2021-04-30 00:01:51.818000,53570.2,53489.5,4,4
2021-04-30 00:01:52.019000,53569.3,53488.6,4,4
2021-04-30 00:01:52.120000,53570.2,53489.5,4,4
2021-04-30 00:01:52.271000,53570.4,53489.7,4,4
2021-04-30 00:01:52.400000,53570.2,53489.5,4,4
2021-04-30 00:01:52.804000,53569.3,53488.6,4,4
2021-04-30 00:01:52.957000,53570.2,53489.5,4,4
2021-04-30 00:01:53.109000,53570.3,53489.7,4,4
2021-04-30 00:01:53.209000,53570.2,53489.5,4,4
2021-04-30 00:01:53.726000,53569.2,53488.5,4,4
2021-04-30 00:01:53.836000,53570.2,53489.5,4,4
2021-04-30 00:01:54.301000,53573.1,53492.4,4,4
2021-04-30 00:01:54.697000,53572.7,53492.0,4,4
2021-04-30 00:01:55.197000,53568.1,53487.4,4,4
2021-04-30 00:01:55.298000,53569.2,53488.5,4,4
2021-04-30 00:01:56.052000,53570.2,53489.5,4,4
2021-04-30 00:01:56.203000,53569.2,53488.5,4,4
2021-04-30 00:01:56.509000,53568.1,53487.4,4,4
2021-04-30 00:01:56.756000,53566.3,53485.6,4,4
2021-04-30 00:01:56.907000,53568.1,53487.4,4,4
2021-04-30 00:01:57.127000,53569.2,53488.5,4,4
2021-04-30 00:01:57.531000,53570.2,53489.5,4,4
2021-04-30 00:01:58.440000,53570.3,53489.7,4,4
2021-04-30 00:01:58.919000,53570.2,53489.5,4,4
2021-04-30 00:01:59.028000,53570.3,53489.7,4,4
2021-04-30 00:01:59.130000,53570.2,53489.5,4,4
2021-04-30 00:02:00.004000,53569.2,53488.5,4,4
2021-04-30 00:02:00.609000,53568.1,53487.4,4,4
2021-04-30 00:02:00.816000,53569.2,53488.5,4,4
2021-04-30 00:02:00.920000,53570.2,53489.5,4,4
2021-04-30 00:02:01.025000,53569.2,53488.5,4,4
2021-04-30 00:02:01.356000,53570.2,53489.5,4,4
2021-04-30 00:02:01.557000,53567.9,53487.2,4,4
2021-04-30 00:02:01.766000,53568.1,53487.4,4,4
2021-04-30 00:02:02.457000,53569.2,53488.5,4,4
2021-04-30 00:02:02.972000,53567.2,53486.5,4,4
2021-04-30 00:02:03.214000,53568.3,53487.6,4,4
2021-04-30 00:02:03.387000,53568.9,53488.2,4,4
2021-04-30 00:02:03.538000,53568.8,53488.1,4,4
2021-04-30 00:02:04.100000,53568.9,53488.2,4,4
2021-04-30 00:02:04.321000,53569.7,53489.0,4,4
2021-04-30 00:02:04.472000,53568.9,53488.2,4,4
2021-04-30 00:02:05.669000,53568.8,53488.1,4,4
2021-04-30 00:02:06.272000,53569.2,53488.5,4,4
2021-04-30 00:02:07.378000,53568.8,53488.1,4,4
2021-04-30 00:02:07.479000,53570.2,53489.5,4,4
2021-04-30 00:02:07.587000,53570.5,53489.8,4,4
2021-04-30 00:02:07.690000,53570.4,53489.7,4,4
2021-04-30 00:02:07.846000,53570.2,53489.5,4,4
2021-04-30 00:02:07.950000,53570.4,53489.7,4,4
2021-04-30 00:02:08.073000,53570.2,53489.5,4,4
2021-04-30 00:02:08.957000,53569.7,53489.0,4,4
2021-04-30 00:02:09.407000,53569.8,53489.1,4,4
2021-04-30 00:02:09.620000,53568.8,53488.1,4,4
2021-04-30 00:02:09.836000,53569.8,53489.1,4,4
2021-04-30 00:02:10.071000,53569.7,53489.0,4,4
2021-04-30 00:02:10.459000,53569.8,53489.1,4,4
2021-04-30 00:02:10.720000,53569.7,53489.0,4,4
2021-04-30 00:02:10.822000,53569.8,53489.2,4,4
2021-04-30 00:02:11.301000,53570.2,53489.5,4,4
2021-04-30 00:02:11.407000,53569.8,53489.2,4,4
2021-04-30 00:02:12.007000,53570.2,53489.5,4,4
2021-04-30 00:02:12.243000,53569.8,53489.2,4,4
2021-04-30 00:02:12.457000,53570.2,53489.5,4,4
2021-04-30 00:02:12.625000,53569.8,53489.2,4,4
2021-04-30 00:02:13.140000,53570.2,53489.5,4,4
2021-04-30 00:02:13.398000,53569.7,53489.0,4,4
2021-04-30 00:02:13.570000,53569.8,53489.2,4,4
2021-04-30 00:02:13.720000,53570.2,53489.5,4,4
2021-04-30 00:02:13.934000,53569.8,53489.2,4,4
2021-04-30 00:02:14.044000,53569.7,53489.0,4,4
2021-04-30 00:02:14.423000,53570.2,53489.5,4,4
2021-04-30 00:02:14.524000,53570.4,53489.7,4,4
2021-04-30 00:02:15.062000,53570.2,53489.5,4,4
2021-04-30 00:02:15.163000,53569.7,53489.0,4,4
2021-04-30 00:02:15.314000,53570.4,53489.7,4,4
2021-04-30 00:02:15.474000,53570.2,53489.5,4,4
2021-04-30 00:02:15.747000,53570.4,53489.7,4,4
2021-04-30 00:02:16.088000,53570.2,53489.5,4,4
2021-04-30 00:02:17.167000,53570.6,53489.9,4,4
2021-04-30 00:02:17.269000,53571.7,53491.0,4,4
2021-04-30 00:02:17.495000,53572.4,53491.7,4,4
2021-04-30 00:02:17.747000,53575.1,53494.4,4,4
2021-04-30 00:02:17.898000,53576.1,53495.4,4,4
2021-04-30 00:02:18.149000,53581.9,53501.3,4,4
2021-04-30 00:02:18.300000,53577.7,53499.6,4,13
2021-04-30 00:02:18.444000,53576.1,53499.6,4,13
2021-04-30 00:02:18.555000,53581.3,53500.6,4,4
2021-04-30 00:02:18.656000,53581.3,53503.2,4,8
2021-04-30 00:02:18.803000,53588.9,53508.2,4,4
2021-04-30 00:02:18.907000,53589.3,53508.6,4,4
2021-04-30 00:02:19.400000,53589.7,53509.0,4,4
2021-04-30 00:02:19.535000,53589.3,53508.6,4,4
2021-04-30 00:02:19.685000,53589.7,53509.0,4,4
2021-04-30 00:02:19.800000,53590.1,53509.4,4,4
2021-04-30 00:02:19.912000,53592.3,53511.6,4,4
2021-04-30 00:02:20.077000,53591.9,53511.2,4,4
2021-04-30 00:02:20.196000,53590.6,53510.0,4,4
2021-04-30 00:02:20.250000,53591.0,53510.3,4,4
2021-04-30 00:02:21.046000,53594.3,53513.6,4,4
2021-04-30 00:02:21.157000,53595.0,53514.3,4,4
2021-04-30 00:02:21.372000,53594.3,53513.6,4,4
2021-04-30 00:02:21.531000,53595.0,53514.4,4,4
2021-04-30 00:02:21.682000,53595.0,53514.3,4,4
2021-04-30 00:02:22.036000,53594.3,53513.6,4,4
2021-04-30 00:02:22.143000,53595.0,53514.4,4,4
2021-04-30 00:02:22.294000,53592.9,53512.2,4,7
2021-04-30 00:02:22.357000,53593.2,53512.5,4,4
2021-04-30 00:02:22.614000,53594.0,53513.4,4,4
2021-04-30 00:02:23.400000,53594.3,53513.6,4,4
2021-04-30 00:02:24.200000,53595.0,53514.3,4,4
2021-04-30 00:02:24.506000,53594.3,53513.6,4,4
2021-04-30 00:02:24.741000,53595.0,53514.3,4,4
2021-04-30 00:02:24.972000,53595.1,53514.4,4,4
2021-04-30 00:02:25.073000,53594.3,53513.6,4,4
2021-04-30 00:02:25.282000,53594.7,53514.0,4,4
2021-04-30 00:02:25.541000,53595.3,53514.7,4,4
2021-04-30 00:02:26.362000,53595.5,53514.8,4,4
2021-04-30 00:02:26.428000,53595.3,53514.7,4,4
2021-04-30 00:02:26.579000,53595.5,53514.8,4,4
2021-04-30 00:02:26.905000,53595.6,53514.9,4,4
2021-04-30 00:02:27.113000,53595.8,53515.1,4,4
2021-04-30 00:02:27.214000,53595.8,53517.9,4,12
2021-04-30 00:02:27.403000,53595.6,53517.9,4,12
2021-04-30 00:02:27.505000,53595.8,53517.9,4,12
2021-04-30 00:02:27.656000,53595.8,53518.0,4,10
2021-04-30 00:02:27.896000,53596.0,53518.0,4,10
2021-04-30 00:02:28.006000,53596.1,53518.0,4,10
2021-04-30 00:02:28.261000,53596.2,53518.0,4,10
2021-04-30 00:02:28.418000,53596.1,53518.0,4,10
2021-04-30 00:02:28.591000,53596.0,53518.0,4,10
2021-04-30 00:02:28.648000,53596.0,53518.9,4,10
2021-04-30 00:02:28.803000,53598.3,53518.9,4,10
2021-04-30 00:02:28.904000,53597.4,53518.9,4,10
2021-04-30 00:02:29.004000,53598.3,53518.9,4,10
2021-04-30 00:02:29.109000,53597.2,53518.9,4,10
2021-04-30 00:02:29.260000,53598.3,53521.2,4,10
2021-04-30 00:02:29.645000,53598.3,53524.6,4,8
2021-04-30 00:02:29.929000,53596.7,53524.6,4,8
2021-04-30 00:02:30.047000,53600.6,53524.6,4,8
2021-04-30 00:02:30.158000,53598.3,53524.6,4,8
2021-04-30 00:02:30.802000,53593.3,53524.6,4,3
2021-04-30 00:02:30.903000,53592.1,53524.6,4,3
2021-04-30 00:02:31.008000,53593.3,53524.6,4,3
2021-04-30 00:02:31.213000,53594.7,53524.6,4,3
2021-04-30 00:02:31.314000,53595.1,53524.6,4,3
2021-04-30 00:02:31.419000,53594.7,53524.6,4,3
2021-04-30 00:02:31.629000,53597.2,53524.6,4,3
2021-04-30 00:02:31.754000,53597.2,53518.6,4,9
2021-04-30 00:02:31.859000,53597.3,53518.6,4,9
2021-04-30 00:02:31.960000,53597.2,53518.6,4,9
2021-04-30 00:02:32.189000,53597.3,53519.1,4,7
2021-04-30 00:02:32.301000,53597.2,53519.1,4,7
2021-04-30 00:02:32.558000,53596.8,53519.1,4,7
2021-04-30 00:02:32.658000,53596.8,53516.9,4,13
2021-04-30 00:02:33.179000,53596.8,53516.8,4,3
2021-04-30 00:02:33.609000,53596.9,53516.8,4,3
2021-04-30 00:02:33.868000,53596.8,53516.8,4,3
2021-04-30 00:02:33.968000,53597.9,53517.2,4,4
2021-04-30 00:02:34.328000,53600.4,53519.7,4,4
2021-04-30 00:02:34.429000,53599.1,53518.4,4,4
2021-04-30 00:02:34.585000,53600.4,53519.7,4,4
2021-04-30 00:02:34.688000,53600.5,53519.8,4,4
2021-04-30 00:02:34.789000,53601.6,53520.9,4,4
2021-04-30 00:02:34.890000,53601.3,53520.6,4,4
2021-04-30 00:02:35.370000,53600.4,53519.7,4,4
2021-04-30 00:02:35.521000,53601.3,53520.6,4,4
2021-04-30 00:02:35.672000,53592.5,53527.5,4,4
2021-04-30 00:02:35.798000,53592.0,53527.5,4,4
2021-04-30 00:02:36.193000,53596.1,53527.5,4,4
2021-04-30 00:02:36.258000,53595.4,53527.5,4,4
2021-04-30 00:02:36.480000,53592.2,53527.5,4,4
2021-04-30 00:02:36.604000,53591.6,53527.5,4,4
2021-04-30 00:02:36.654000,53591.6,53516.7,4,7
2021-04-30 00:02:36.705000,53590.5,53516.7,4,7
2021-04-30 00:02:36.855000,53589.3,53516.7,4,7
2021-04-30 00:02:36.956000,53588.9,53516.7,4,7
2021-04-30 00:02:37.106000,53588.0,53516.7,4,7
2021-04-30 00:02:37.219000,53592.5,53516.7,4,7
2021-04-30 00:02:37.322000,53590.5,53516.7,4,7
2021-04-30 00:02:37.472000,53590.6,53516.7,4,7
2021-04-30 00:02:37.545000,53594.1,53516.7,4,7
2021-04-30 00:02:37.811000,53594.6,53516.7,4,7
2021-04-30 00:02:38.027000,53592.3,53516.7,4,7
2021-04-30 00:02:38.130000,53592.9,53516.7,4,7
2021-04-30 00:02:38.247000,53592.9,53516.6,4,13
2021-04-30 00:02:38.298000,53590.6,53516.6,4,13
2021-04-30 00:02:38.707000,53590.5,53516.6,4,13
2021-04-30 00:02:38.858000,53592.8,53516.6,4,13
2021-04-30 00:02:39.014000,53593.3,53516.6,4,13
2021-04-30 00:02:39.114000,53591.7,53516.6,4,13
2021-04-30 00:02:39.218000,53588.1,53516.6,4,13
2021-04-30 00:02:39.475000,53587.8,53516.6,4,13
2021-04-30 00:02:39.970000,53589.9,53516.6,4,13
2021-04-30 00:02:40.121000,53587.8,53516.6,4,13
2021-04-30 00:02:40.288000,53589.8,53516.6,4,13
2021-04-30 00:02:40.390000,53590.6,53516.6,4,13
2021-04-30 00:02:40.494000,53590.7,53516.6,4,13
2021-04-30 00:02:40.603000,53591.6,53516.6,4,13
2021-04-30 00:02:40.980000,53592.2,53516.6,4,13
2021-04-30 00:02:41.574000,53591.6,53516.6,4,13
2021-04-30 00:02:41.689000,53589.8,53516.6,4,13
2021-04-30 00:02:41.845000,53589.3,53516.6,4,13
2021-04-30 00:02:41.947000,53587.2,53516.6,4,13
2021-04-30 00:02:42.097000,53584.7,53516.6,4,13
2021-04-30 00:02:42.406000,53579.2,53516.6,4,13
2021-04-30 00:02:42.626000,53578.9,53516.6,4,13
2021-04-30 00:02:42.677000,53578.9,53509.0,4,12
2021-04-30 00:02:42.777000,53578.4,53509.0,4,12
2021-04-30 00:02:42.877000,53579.6,53509.0,4,12
2021-04-30 00:02:42.943000,53586.4,53509.0,4,12
2021-04-30 00:02:43.093000,53581.5,53509.0,4,12
2021-04-30 00:02:43.149000,53581.5,53507.8,4,12
2021-04-30 00:02:43.250000,53586.8,53507.8,4,12
2021-04-30 00:02:43.401000,53586.7,53507.8,4,12
2021-04-30 00:02:43.504000,53586.5,53507.8,4,12
2021-04-30 00:02:43.614000,53586.6,53507.8,4,12
2021-04-30 00:02:43.765000,53586.5,53507.8,4,12
2021-04-30 00:02:44.264000,53586.8,53507.8,4,12
2021-04-30 00:02:44.788000,53586.9,53507.8,4,12
2021-04-30 00:02:45.657000,53590.6,53509.9,4,4
2021-04-30 00:02:45.865000,53591.9,53511.2,4,4
2021-04-30 00:02:45.968000,53590.6,53509.9,4,4
2021-04-30 00:02:46.174000,53595.1,53514.4,4,4
2021-04-30 00:02:46.279000,53592.8,53512.1,4,4
2021-04-30 00:02:46.431000,53593.9,53513.2,4,4
2021-04-30 00:02:46.589000,53595.1,53514.4,4,4
2021-04-30 00:02:46.740000,53593.9,53513.2,4,4
2021-04-30 00:02:46.944000,53592.6,53511.9,4,4
2021-04-30 00:02:47.199000,53588.9,53508.2,4,4
2021-04-30 00:02:48.021000,53587.6,53506.9,4,4
2021-04-30 00:02:49.178000,53588.4,53507.7,4,4
2021-04-30 00:02:49.279000,53587.6,53506.9,4,4
2021-04-30 00:02:49.454000,53588.4,53507.7,4,4
2021-04-30 00:02:49.555000,53587.6,53506.9,4,4
2021-04-30 00:02:50.879000,53582.0,53505.9,4,13
2021-04-30 00:02:50.981000,53581.0,53505.9,4,13
2021-04-30 00:02:51.183000,53585.4,53505.9,4,13
2021-04-30 00:02:52.103000,53580.6,53505.9,4,13
2021-04-30 00:02:52.620000,53578.1,53505.9,4,13
2021-04-30 00:02:52.722000,53574.1,53505.9,4,13
2021-04-30 00:02:52.826000,53572.5,53505.9,4,13
2021-04-30 00:02:53.135000,53572.3,53505.9,4,13
2021-04-30 00:02:55.543000,53571.7,53505.9,4,13
2021-04-30 00:02:56.166000,53573.2,53505.9,4,13
2021-04-30 00:02:56.317000,53573.1,53505.9,4,13
2021-04-30 00:02:57.312000,53574.4,53505.9,4,13
2021-04-30 00:02:57.389000,53573.2,53505.9,4,13
2021-04-30 00:02:57.988000,53571.0,53505.9,4,13
2021-04-30 00:02:58.138000,53566.9,53505.9,4,13
2021-04-30 00:02:58.239000,53566.4,53505.9,4,13
2021-04-30 00:02:58.340000,53566.1,53505.9,4,13
2021-04-30 00:02:58.428000,53566.4,53505.9,4,13
2021-04-30 00:02:58.579000,53566.3,53505.9,4,13
2021-04-30 00:02:58.685000,53566.2,53496.5,4,9
2021-04-30 00:02:58.915000,53566.3,53496.5,4,9
2021-04-30 00:02:59.044000,53566.4,53496.5,4,9
2021-04-30 00:02:59.146000,53565.8,53496.5,4,9
2021-04-30 00:02:59.197000,53565.8,53485.1,4,4
2021-04-30 00:02:59.297000,53566.3,53485.6,4,4
2021-04-30 00:02:59.803000,53566.4,53485.7,4,4
2021-04-30 00:02:59.904000,53566.3,53485.6,4,4
2021-04-30 00:03:00.298000,53565.5,53484.8,4,4
2021-04-30 00:03:01.626000,53565.4,53484.7,4,4
2021-04-30 00:03:02.087000,53562.9,53483.0,4,3
2021-04-30 00:03:05.146000,53562.9,53482.2,4,4
2021-04-30 00:03:05.498000,53565.4,53484.7,4,4
2021-04-30 00:03:06.188000,53569.0,53488.3,4,4
2021-04-30 00:03:06.606000,53570.5,53489.8,4,4
2021-04-30 00:03:06.757000,53575.4,53497.1,5,4
2021-04-30 00:03:06.907000,53575.4,53497.0,5,4
2021-04-30 00:03:07.009000,53575.4,53497.8,5,4
2021-04-30 00:03:07.112000,53575.4,53498.4,5,4
2021-04-30 00:03:07.162000,53576.1,53498.4,12,4
2021-04-30 00:03:07.262000,53576.1,53497.8,12,4
2021-04-30 00:03:07.313000,53576.1,53499.0,12,4
2021-04-30 00:03:07.463000,53576.1,53500.1,12,4
2021-04-30 00:03:07.649000,53577.2,53500.1,10,4
2021-04-30 00:03:07.753000,53577.2,53499.6,10,4
2021-04-30 00:03:07.803000,53577.2,53500.8,10,4
2021-04-30 00:03:07.912000,53577.2,53500.9,10,4
2021-04-30 00:03:08.024000,53577.2,53501.5,10,4
2021-04-30 00:03:08.369000,53577.2,53500.9,10,4
2021-04-30 00:03:08.570000,53577.2,53502.2,10,4
2021-04-30 00:03:08.966000,53577.2,53500.8,10,4
2021-04-30 00:03:09.139000,53577.2,53501.2,10,4
2021-04-30 00:03:09.189000,53580.5,53501.2,13,4
2021-04-30 00:03:09.290000,53571.4,53490.7,4,4
2021-04-30 00:03:09.340000,53571.6,53491.0,4,4
2021-04-30 00:03:09.541000,53572.4,53491.7,4,4
2021-04-30 00:03:09.641000,53572.8,53492.1,4,4
2021-04-30 00:03:09.742000,53571.6,53491.0,4,4
2021-04-30 00:03:09.903000,53572.5,53491.8,4,4
2021-04-30 00:03:10.227000,53572.4,53491.7,4,4
2021-04-30 00:03:10.356000,53571.6,53491.1,4,10
2021-04-30 00:03:10.507000,53568.6,53491.1,4,10
2021-04-30 00:03:10.612000,53570.8,53491.1,4,10
2021-04-30 00:03:10.662000,53570.8,53493.5,4,10
2021-04-30 00:03:10.763000,53565.3,53493.5,4,10
2021-04-30 00:03:10.913000,53562.4,53493.5,4,10
2021-04-30 00:03:11.014000,53565.3,53493.5,4,10
2021-04-30 00:03:11.115000,53563.9,53493.5,4,10
2021-04-30 00:03:11.265000,53566.0,53496.6,4,7
2021-04-30 00:03:11.469000,53565.9,53496.6,4,7
2021-04-30 00:03:11.646000,53565.9,53496.3,4,10
2021-04-30 00:03:11.935000,53566.0,53496.3,4,10
2021-04-30 00:03:12.038000,53566.4,53496.3,4,10
2021-04-30 00:03:12.189000,53565.9,53496.6,4,3
2021-04-30 00:03:13.231000,53566.0,53496.6,4,3
2021-04-30 00:03:13.334000,53565.9,53496.6,4,3
2021-04-30 00:03:13.435000,53566.0,53496.6,4,3
2021-04-30 00:03:13.546000,53565.8,53496.6,4,3
2021-04-30 00:03:13.791000,53565.9,53496.6,4,3
2021-04-30 00:03:14.159000,53565.9,53495.4,4,10
2021-04-30 00:03:14.504000,53565.8,53495.4,4,10
2021-04-30 00:03:14.647000,53565.8,53493.6,4,7
2021-04-30 00:03:14.770000,53565.9,53493.6,4,7
2021-04-30 00:03:15.150000,53565.9,53486.5,4,4
2021-04-30 00:03:15.399000,53566.0,53486.5,4,4
2021-04-30 00:03:15.647000,53566.0,53485.3,4,4
2021-04-30 00:03:15.811000,53565.9,53485.3,4,4
2021-04-30 00:03:15.912000,53565.8,53485.2,4,4
2021-04-30 00:03:16.062000,53565.9,53485.3,4,4
2021-04-30 00:03:16.350000,53565.5,53484.8,4,4
2021-04-30 00:03:16.556000,53565.8,53485.2,4,4
2021-04-30 00:03:17.583000,53565.9,53485.3,4,4
2021-04-30 00:03:17.947000,53566.0,53485.3,4,4
2021-04-30 00:03:18.258000,53565.9,53485.3,4,4
2021-04-30 00:03:18.465000,53567.2,53486.5,4,4
2021-04-30 00:03:18.672000,53565.7,53485.6,4,7
2021-04-30 00:03:19.111000,53565.4,53485.6,4,7
2021-04-30 00:03:19.161000,53565.4,53485.4,4,9
2021-04-30 00:03:19.212000,53567.4,53486.8,4,4
2021-04-30 00:03:19.312000,53568.0,53487.3,4,4
2021-04-30 00:03:19.449000,53568.8,53488.2,4,4
2021-04-30 00:03:19.800000,53568.9,53488.2,4,4
2021-04-30 00:03:20.006000,53569.3,53488.6,4,4
2021-04-30 00:03:20.108000,53569.5,53488.8,4,4
2021-04-30 00:03:20.614000,53569.8,53489.1,4,4
2021-04-30 00:03:22.109000,53569.5,53488.8,4,4
2021-04-30 00:03:22.210000,53569.8,53489.1,4,4
2021-04-30 00:03:22.411000,53569.5,53488.8,4,4
2021-04-30 00:03:22.561000,53569.8,53489.1,4,4
2021-04-30 00:03:22.743000,53571.8,53491.1,4,4
2021-04-30 00:03:22.901000,53570.8,53490.1,4,4
2021-04-30 00:03:23.106000,53570.5,53489.9,4,4
2021-04-30 00:03:23.255000,53570.5,53496.6,4,10
2021-04-30 00:03:23.305000,53570.8,53496.6,4,10
2021-04-30 00:03:23.408000,53571.1,53496.6,4,10
2021-04-30 00:03:23.511000,53570.8,53496.6,4,10
2021-04-30 00:03:23.939000,53571.3,53496.6,4,10
2021-04-30 00:03:24.046000,53569.8,53496.6,4,10
2021-04-30 00:03:24.151000,53571.3,53496.6,4,10
2021-04-30 00:03:24.253000,53570.8,53496.6,4,10
2021-04-30 00:03:24.433000,53570.5,53496.6,4,10
2021-04-30 00:03:24.537000,53569.8,53496.6,4,10
2021-04-30 00:03:24.638000,53570.5,53496.6,4,10
2021-04-30 00:03:24.741000,53570.8,53496.6,4,10
2021-04-30 00:03:24.946000,53570.5,53496.6,4,10
2021-04-30 00:03:25.150000,53571.3,53496.6,4,10
2021-04-30 00:03:25.254000,53571.5,53496.6,4,10
2021-04-30 00:03:25.354000,53570.8,53496.6,4,10
2021-04-30 00:03:25.488000,53569.8,53496.6,4,10
2021-04-30 00:03:26.215000,53569.5,53496.6,4,10
2021-04-30 00:03:26.316000,53569.8,53496.6,4,10
2021-04-30 00:03:26.418000,53570.5,53496.6,4,10
2021-04-30 00:03:26.530000,53569.5,53496.6,4,10
2021-04-30 00:03:27.002000,53570.2,53496.6,4,10
2021-04-30 00:03:27.110000,53570.8,53496.6,4,10
2021-04-30 00:03:27.214000,53572.6,53496.6,4,10
2021-04-30 00:03:27.315000,53573.1,53496.6,4,10
2021-04-30 00:03:27.415000,53572.9,53496.6,4,10
2021-04-30 00:03:27.521000,53573.2,53496.6,4,10
2021-04-30 00:03:27.624000,53576.9,53496.6,4,10
2021-04-30 00:03:27.725000,53577.9,53497.2,4,4
2021-04-30 00:03:27.881000,53578.3,53497.6,4,4
2021-04-30 00:03:28.312000,53582.4,53501.7,4,4
2021-04-30 00:03:28.555000,53582.1,53501.4,4,4
2021-04-30 00:03:28.658000,53582.0,53501.3,4,4
2021-04-30 00:03:29.078000,53582.4,53501.7,4,4
2021-04-30 00:03:29.359000,53582.1,53501.4,4,4
2021-04-30 00:03:29.463000,53582.0,53501.3,4,4
2021-04-30 00:03:29.567000,53582.4,53501.7,4,4
2021-04-30 00:03:29.692000,53582.0,53501.3,4,4
2021-04-30 00:03:29.793000,53581.0,53500.3,4,4
2021-04-30 00:03:29.943000,53573.6,53496.7,4,7
2021-04-30 00:03:30.044000,53572.6,53496.7,4,7
2021-04-30 00:03:30.255000,53572.1,53496.7,4,7
2021-04-30 00:03:30.356000,53570.2,53496.7,4,7
2021-04-30 00:03:30.562000,53570.3,53496.7,4,7
2021-04-30 00:03:30.663000,53570.2,53496.7,4,7
2021-04-30 00:03:30.863000,53569.8,53496.7,4,7
2021-04-30 00:03:31.013000,53569.5,53496.7,4,7
2021-04-30 00:03:31.114000,53569.8,53496.7,4,7
2021-04-30 00:03:31.215000,53570.6,53496.7,4,7
2021-04-30 00:03:31.482000,53569.5,53496.7,4,7
2021-04-30 00:03:31.683000,53569.8,53496.7,4,7
2021-04-30 00:03:31.886000,53569.5,53496.7,4,7
2021-04-30 00:03:31.986000,53569.8,53496.7,4,7
2021-04-30 00:03:32.089000,53569.5,53496.7,4,7
2021-04-30 00:03:32.190000,53569.5,53497.3,4,4
2021-04-30 00:03:32.240000,53569.8,53497.3,4,4
2021-04-30 00:03:32.341000,53569.5,53497.3,4,4
2021-04-30 00:03:32.441000,53569.8,53497.3,4,4
2021-04-30 00:03:32.650000,53569.8,53500.0,4,8
2021-04-30 00:03:32.788000,53569.9,53500.0,4,8
2021-04-30 00:03:33.404000,53569.8,53500.0,4,8
2021-04-30 00:03:33.583000,53569.9,53500.0,4,8
2021-04-30 00:03:33.763000,53570.0,53500.0,4,8
2021-04-30 00:03:34.143000,53571.7,53500.0,4,8
2021-04-30 00:03:34.452000,53571.9,53500.0,4,8
2021-04-30 00:03:34.603000,53571.7,53500.0,4,8
2021-04-30 00:03:35.284000,53571.3,53500.0,4,8
2021-04-30 00:03:35.385000,53570.7,53500.0,4,8
2021-04-30 00:03:35.678000,53570.7,53499.7,4,3
2021-04-30 00:03:35.829000,53570.3,53499.7,4,3
2021-04-30 00:03:36.006000,53571.2,53499.7,4,3
2021-04-30 00:03:36.150000,53571.2,53497.1,4,3
2021-04-30 00:03:36.304000,53570.7,53497.1,4,3
2021-04-30 00:03:36.591000,53571.0,53497.1,4,3
2021-04-30 00:03:36.884000,53571.2,53497.1,4,3
2021-04-30 00:03:37.213000,53573.2,53497.1,4,3
2021-04-30 00:03:37.324000,53582.6,53501.9,4,4
2021-04-30 00:03:37.426000,53582.0,53501.3,4,4
2021-04-30 00:03:37.579000,53581.9,53501.2,4,4
2021-04-30 00:03:37.730000,53580.6,53499.9,4,4
2021-04-30 00:03:37.887000,53581.3,53500.6,4,4
2021-04-30 00:03:38.060000,53580.5,53499.8,4,4
2021-04-30 00:03:38.352000,53581.3,53500.6,4,4
2021-04-30 00:03:38.453000,53581.9,53501.2,4,4
2021-04-30 00:03:38.917000,53582.1,53501.4,4,4
2021-04-30 00:03:39.068000,53582.5,53501.8,4,4
2021-04-30 00:03:39.424000,53582.1,53501.4,4,4
2021-04-30 00:03:39.627000,53582.4,53501.8,4,4
2021-04-30 00:03:39.935000,53582.1,53501.4,4,4
2021-04-30 00:03:40.039000,53582.5,53501.8,4,4
2021-04-30 00:03:40.763000,53583.0,53502.3,4,4
2021-04-30 00:03:41.177000,53582.5,53501.8,4,4
2021-04-30 00:03:41.612000,53582.1,53501.4,4,4
2021-04-30 00:03:41.905000,53582.5,53501.8,4,4
2021-04-30 00:03:42.008000,53582.1,53501.4,4,4
2021-04-30 00:03:42.218000,53582.3,53501.6,4,4
2021-04-30 00:03:42.798000,53582.5,53501.8,4,4
2021-04-30 00:03:43.105000,53583.0,53502.3,4,4
2021-04-30 00:03:43.206000,53583.1,53502.8,4,12
2021-04-30 00:03:43.537000,53583.7,53503.1,4,4
2021-04-30 00:03:43.648000,53583.7,53504.8,4,5
2021-04-30 00:03:43.698000,53584.0,53504.8,4,5
2021-04-30 00:03:43.907000,53584.1,53504.8,4,5
2021-04-30 00:03:44.162000,53584.1,53505.4,4,2
2021-04-30 00:03:44.213000,53585.5,53505.4,4,2
2021-04-30 00:03:44.415000,53584.4,53505.4,4,2
2021-04-30 00:03:44.521000,53585.5,53505.4,4,2
2021-04-30 00:03:44.623000,53587.4,53506.7,4,4
2021-04-30 00:03:44.724000,53588.1,53507.4,4,4
2021-04-30 00:03:44.875000,53591.5,53510.8,4,4
2021-04-30 00:03:45.014000,53591.6,53511.0,4,4
2021-04-30 00:03:45.067000,53593.4,53512.7,4,4
2021-04-30 00:03:45.227000,53594.9,53514.2,4,4
2021-04-30 00:03:45.330000,53597.5,53516.8,4,4
2021-04-30 00:03:45.434000,53595.7,53515.0,4,4
2021-04-30 00:03:45.535000,53599.0,53518.4,4,4
2021-04-30 00:03:45.699000,53599.3,53518.6,4,4
2021-04-30 00:03:45.799000,53600.1,53519.4,4,4
2021-04-30 00:03:45.902000,53599.0,53518.4,4,4
2021-04-30 00:03:46.006000,53607.7,53529.4,13,4
2021-04-30 00:03:46.210000,53607.7,53537.1,13,4
2021-04-30 00:03:46.311000,53607.7,53537.7,13,4
2021-04-30 00:03:46.414000,53607.7,53537.4,13,4
2021-04-30 00:03:46.538000,53607.7,53537.1,13,4
2021-04-30 00:03:46.639000,53607.7,53537.4,13,4
2021-04-30 00:03:46.689000,53617.2,53537.4,7,4
2021-04-30 00:03:46.790000,53617.2,53537.8,7,4
2021-04-30 00:03:46.907000,53617.2,53537.4,7,4
2021-04-30 00:03:47.268000,53617.2,53537.1,7,4
2021-04-30 00:03:47.472000,53617.2,53537.4,7,4
2021-04-30 00:03:47.658000,53617.2,53542.0,7,4
2021-04-30 00:03:47.809000,53617.4,53542.4,7,4
2021-04-30 00:03:48.041000,53617.2,53542.4,7,4
2021-04-30 00:03:48.091000,53617.2,53538.4,7,4
2021-04-30 00:03:48.191000,53617.2,53544.2,7,13
2021-04-30 00:03:48.664000,53617.2,53544.1,7,3
2021-04-30 00:03:48.948000,53617.2,53544.2,7,5
2021-04-30 00:03:49.668000,53617.2,53544.1,7,7
2021-04-30 00:03:50.159000,53617.2,53547.6,7,11
2021-04-30 00:03:50.210000,53617.5,53547.6,7,11
2021-04-30 00:03:50.486000,53623.1,53547.6,7,11
2021-04-30 00:03:50.650000,53623.1,53550.7,7,13
2021-04-30 00:03:50.906000,53625.3,53550.7,7,13
2021-04-30 00:03:51.146000,53625.3,53557.0,7,10
2021-04-30 00:03:51.196000,53626.7,53557.0,7,10
2021-04-30 00:03:51.504000,53623.1,53557.0,7,10
2021-04-30 00:03:52.147000,53623.2,53560.0,7,7
2021-04-30 00:03:52.399000,53626.8,53560.0,7,7
2021-04-30 00:03:52.911000,53623.1,53560.0,7,7
2021-04-30 00:03:53.168000,53623.3,53560.0,7,7
2021-04-30 00:03:53.218000,53623.3,53561.0,7,4
2021-04-30 00:03:53.324000,53623.3,53560.7,7,4
2021-04-30 00:03:53.425000,53619.9,53560.0,7,7
2021-04-30 00:03:53.635000,53620.4,53560.0,7,7
2021-04-30 00:03:53.752000,53620.4,53559.8,7,12
2021-04-30 00:03:53.889000,53619.9,53559.8,7,12
2021-04-30 00:03:54.143000,53620.9,53559.8,7,12
2021-04-30 00:03:54.417000,53624.4,53559.8,7,12
2021-04-30 00:03:55.344000,53621.5,53559.8,7,12
2021-04-30 00:03:55.658000,53621.5,53555.7,7,13
2021-04-30 00:03:56.161000,53621.5,53554.5,7,8
2021-04-30 00:03:56.365000,53621.5,53558.9,7,4
2021-04-30 00:03:56.505000,53621.5,53559.6,7,4
2021-04-30 00:03:56.609000,53621.6,53559.6,7,4
2021-04-30 00:03:56.710000,53621.6,53565.2,7,4
2021-04-30 00:03:56.843000,53626.8,53565.2,7,4
2021-04-30 00:03:56.893000,53626.8,53566.1,7,4
2021-04-30 00:03:57.054000,53626.8,53565.2,7,4
2021-04-30 00:03:57.154000,53627.0,53559.8,7,5
2021-04-30 00:03:57.223000,53627.0,53566.9,7,4
2021-04-30 00:03:57.374000,53629.9,53566.9,7,4
2021-04-30 00:03:57.474000,53629.9,53566.1,7,4
2021-04-30 00:03:57.528000,53629.9,53564.7,7,4
2021-04-30 00:03:57.629000,53637.3,53564.7,7,4
2021-04-30 00:03:57.679000,53637.3,53566.1,7,4
2021-04-30 00:03:57.804000,53637.3,53566.9,7,4
2021-04-30 00:03:57.906000,53634.7,53566.9,7,4
2021-04-30 00:03:58.010000,53634.7,53567.6,7,4
2021-04-30 00:03:58.117000,53634.8,53567.6,7,4
2021-04-30 00:03:58.217000,53634.8,53567.1,7,4
2021-04-30 00:03:58.319000,53634.8,53566.9,7,4
2021-04-30 00:03:58.419000,53635.7,53567.1,7,4
2021-04-30 00:03:58.524000,53635.7,53567.6,7,4
2021-04-30 00:03:58.626000,53638.1,53566.1,7,4
2021-04-30 00:03:58.777000,53638.1,53567.6,7,4
2021-04-30 00:03:58.959000,53638.1,53567.0,7,4
2021-04-30 00:03:59.069000,53638.1,53566.1,7,4
2021-04-30 00:03:59.119000,53635.8,53566.1,7,4
2021-04-30 00:03:59.220000,53635.8,53566.9,7,4
2021-04-30 00:03:59.430000,53635.8,53570.2,7,4
2021-04-30 00:03:59.832000,53634.7,53570.2,7,4
2021-04-30 00:03:59.882000,53634.7,53569.5,7,4
2021-04-30 00:04:00.002000,53634.7,53567.7,7,4
2021-04-30 00:04:00.114000,53634.4,53567.1,7,4
2021-04-30 00:04:00.252000,53634.4,53567.8,7,4
2021-04-30 00:04:00.352000,53634.8,53567.8,7,4
2021-04-30 00:04:00.403000,53634.8,53569.5,7,4
2021-04-30 00:04:00.679000,53634.8,53567.8,7,4
2021-04-30 00:04:00.834000,53634.8,53569.5,7,4
2021-04-30 00:04:00.884000,53635.1,53569.5,7,4
2021-04-30 00:04:00.934000,53635.1,53570.2,7,4
2021-04-30 00:04:01.138000,53639.4,53571.1,7,4
2021-04-30 00:04:01.242000,53639.4,53573.1,7,4
2021-04-30 00:04:01.343000,53642.9,53573.4,7,4
2021-04-30 00:04:01.553000,53642.9,53574.8,7,4
2021-04-30 00:04:01.603000,53645.8,53574.8,7,4
2021-04-30 00:04:01.654000,53645.8,53575.5,7,4
2021-04-30 00:04:01.758000,53645.8,53575.3,7,4
2021-04-30 00:04:01.861000,53645.8,53575.2,7,4
2021-04-30 00:04:02.016000,53645.8,53575.3,7,4
2021-04-30 00:04:02.217000,53645.8,53576.8,7,4
2021-04-30 00:04:02.378000,53645.8,53577.4,7,4
2021-04-30 00:04:02.731000,53646.8,53577.4,7,4
2021-04-30 00:04:02.890000,53646.8,53584.5,7,4
2021-04-30 00:04:03.041000,53646.8,53585.1,7,4
2021-04-30 00:04:03.141000,53646.8,53584.9,7,4
2021-04-30 00:04:03.242000,53662.1,53591.1,4,4
2021-04-30 00:04:03.343000,53662.1,53592.6,4,4
2021-04-30 00:04:03.444000,53662.1,53595.0,4,4
2021-04-30 00:04:03.594000,53662.1,53594.9,4,4
2021-04-30 00:04:03.759000,53662.1,53592.7,4,4
2021-04-30 00:04:03.860000,53662.1,53592.0,4,4
2021-04-30 00:04:03.960000,53662.1,53591.2,4,4
2021-04-30 00:04:04.061000,53662.1,53590.6,4,4
2021-04-30 00:04:04.167000,53662.1,53586.4,4,4
2021-04-30 00:04:04.318000,53662.1,53587.1,4,4
2021-04-30 00:04:04.678000,53662.1,53587.6,4,4
2021-04-30 00:04:04.992000,53662.1,53587.4,4,4
2021-04-30 00:04:05.146000,53662.1,53587.1,4,4
2021-04-30 00:04:05.248000,53662.1,53587.4,4,4
2021-04-30 00:04:05.373000,53662.1,53587.1,4,4
2021-04-30 00:04:05.564000,53662.1,53587.4,4,4
2021-04-30 00:04:05.694000,53662.1,53587.7,4,4
2021-04-30 00:04:06.180000,53662.1,53588.4,4,4
2021-04-30 00:04:06.331000,53662.1,53589.0,4,4
2021-04-30 00:04:06.476000,53662.1,53589.3,4,4
2021-04-30 00:04:06.680000,53662.1,53589.7,4,4
2021-04-30 00:04:06.885000,53662.1,53589.0,4,4
2021-04-30 00:04:06.986000,53662.1,53589.3,4,4
2021-04-30 00:04:07.091000,53662.1,53588.4,4,4
2021-04-30 00:04:07.193000,53668.5,53589.3,4,4
2021-04-30 00:04:07.402000,53668.5,53589.8,4,4
2021-04-30 00:04:07.600000,53668.5,53589.7,4,4
2021-04-30 00:04:07.748000,53668.0,53589.7,12,4
2021-04-30 00:04:07.899000,53668.0,53589.8,12,4
2021-04-30 00:04:08.002000,53668.0,53589.7,12,4
2021-04-30 00:04:08.104000,53668.0,53590.1,12,4
2021-04-30 00:04:08.210000,53665.1,53590.1,5,4
2021-04-30 00:04:08.501000,53665.1,53592.3,5,4
2021-04-30 00:04:08.652000,53673.0,53599.1,4,5
2021-04-30 00:04:08.703000,53674.3,53599.1,4,5
2021-04-30 00:04:08.823000,53673.2,53599.1,4,5
2021-04-30 00:04:08.974000,53673.1,53599.1,4,5
2021-04-30 00:04:09.112000,53673.2,53599.1,4,5
2021-04-30 00:04:09.215000,53672.8,53599.1,4,5
2021-04-30 00:04:09.322000,53673.1,53599.1,4,5
2021-04-30 00:04:10.156000,53677.2,53599.1,4,5
2021-04-30 00:04:10.546000,53677.8,53599.1,4,5
2021-04-30 00:04:10.748000,53677.9,53599.1,4,5
2021-04-30 00:04:11.164000,53672.8,53599.1,4,5
2021-04-30 00:04:11.465000,53672.3,53599.1,4,5
2021-04-30 00:04:11.770000,53672.8,53599.1,4,5
2021-04-30 00:04:11.874000,53673.0,53599.1,4,5
2021-04-30 00:04:11.975000,53673.6,53599.1,4,5
2021-04-30 00:04:12.233000,53674.8,53599.1,4,5
2021-04-30 00:04:12.602000,53673.0,53599.1,4,5
2021-04-30 00:04:12.703000,53672.4,53599.1,4,5
2021-04-30 00:04:12.854000,53672.3,53599.1,4,5
2021-04-30 00:04:13.005000,53667.1,53599.1,4,5
2021-04-30 00:04:13.108000,53667.3,53599.1,4,5
2021-04-30 00:04:13.209000,53669.1,53599.1,4,5
2021-04-30 00:04:13.313000,53669.2,53599.1,4,5
2021-04-30 00:04:13.416000,53669.1,53599.1,4,5
2021-04-30 00:04:13.519000,53669.2,53599.1,4,5
2021-04-30 00:04:13.621000,53669.6,53599.1,4,5
2021-04-30 00:04:13.826000,53669.5,53599.1,4,5
2021-04-30 00:04:14.032000,53669.2,53599.1,4,5
2021-04-30 00:04:14.134000,53670.6,53599.1,4,5
2021-04-30 00:04:14.185000,53670.6,53600.6,4,3
2021-04-30 00:04:14.659000,53669.8,53600.6,4,3
2021-04-30 00:04:14.810000,53669.5,53600.6,4,3
2021-04-30 00:04:14.911000,53669.6,53600.6,4,3
2021-04-30 00:04:15.192000,53666.4,53600.2,4,4
2021-04-30 00:04:15.310000,53674.3,53600.2,4,4
2021-04-30 00:04:15.649000,53674.3,53599.3,4,2
2021-04-30 00:04:15.750000,53677.2,53599.3,4,2
2021-04-30 00:04:15.901000,53678.5,53599.3,4,2
2021-04-30 00:04:15.951000,53677.6,53599.3,4,2
2021-04-30 00:04:16.052000,53678.4,53599.3,4,2
2021-04-30 00:04:16.362000,53677.5,53599.3,4,2
2021-04-30 00:04:16.513000,53677.3,53599.3,4,2
2021-04-30 00:04:17.031000,53677.4,53599.3,4,2
2021-04-30 00:04:17.133000,53677.3,53599.3,4,2
2021-04-30 00:04:17.234000,53677.4,53599.4,4,9
2021-04-30 00:04:17.335000,53679.0,53599.4,4,9
2021-04-30 00:04:17.435000,53677.8,53599.4,4,9
2021-04-30 00:04:17.536000,53677.3,53599.4,4,9
2021-04-30 00:04:17.741000,53677.2,53599.4,4,9
2021-04-30 00:04:18.328000,53677.3,53599.4,4,9
2021-04-30 00:04:18.660000,53677.2,53599.4,4,9
2021-04-30 00:04:18.876000,53675.9,53599.4,4,9
2021-04-30 00:04:18.984000,53675.8,53599.4,4,9
2021-04-30 00:04:19.205000,53675.0,53599.4,4,9
2021-04-30 00:04:19.566000,53674.2,53599.4,4,9
2021-04-30 00:04:19.668000,53674.1,53599.4,4,9
2021-04-30 00:04:19.901000,53673.8,53599.4,4,9
2021-04-30 00:04:20.011000,53673.2,53599.4,4,9
2021-04-30 00:04:20.162000,53673.6,53599.4,4,9
2021-04-30 00:04:20.332000,53673.2,53599.4,4,9
2021-04-30 00:04:20.482000,53657.1,53599.4,4,9
2021-04-30 00:04:20.595000,53656.7,53599.4,4,9
2021-04-30 00:04:20.696000,53654.3,53599.4,4,9
2021-04-30 00:04:21.007000,53654.8,53599.4,4,9
2021-04-30 00:04:21.258000,53649.7,53599.4,4,9
2021-04-30 00:04:21.541000,53652.4,53599.4,4,9
2021-04-30 00:04:21.860000,53651.9,53599.4,4,9
2021-04-30 00:04:22.178000,53652.4,53599.4,4,9
2021-04-30 00:04:22.279000,53650.7,53599.4,4,9
2021-04-30 00:04:22.397000,53651.9,53599.4,4,9
2021-04-30 00:04:22.658000,53651.9,53599.1,4,14
2021-04-30 00:04:22.710000,53648.4,53598.4,4,14
2021-04-30 00:04:22.813000,53648.5,53598.5,4,14
2021-04-30 00:04:23.165000,53650.9,53599.1,4,14
2021-04-30 00:04:23.574000,53648.5,53598.5,4,14
2021-04-30 00:04:23.675000,53648.5,53594.0,4,6
2021-04-30 00:04:23.829000,53641.2,53591.2,4,6
2021-04-30 00:04:23.930000,53641.0,53591.0,4,6
2021-04-30 00:04:24.157000,53642.9,53592.9,4,13
2021-04-30 00:04:24.212000,53646.0,53592.9,4,13
2021-04-30 00:04:24.329000,53646.4,53592.9,4,13
2021-04-30 00:04:24.479000,53645.9,53592.9,4,13
2021-04-30 00:04:24.552000,53646.4,53592.9,4,13
2021-04-30 00:04:24.707000,53646.6,53592.0,4,10
2021-04-30 00:04:24.808000,53647.1,53592.0,4,10
2021-04-30 00:04:24.908000,53646.6,53592.0,4,10
2021-04-30 00:04:25.116000,53646.7,53592.0,4,10
2021-04-30 00:04:25.217000,53648.2,53592.0,4,10
2021-04-30 00:04:25.861000,53648.5,53592.0,4,10
2021-04-30 00:04:25.967000,53649.0,53592.0,4,10
2021-04-30 00:04:26.067000,53649.9,53592.0,4,10
2021-04-30 00:04:26.172000,53650.3,53592.0,4,10
2021-04-30 00:04:26.341000,53652.3,53592.0,4,10
2021-04-30 00:04:26.442000,53659.5,53592.0,4,10
2021-04-30 00:04:26.695000,53660.7,53582.1,4,4
2021-04-30 00:04:26.796000,53660.8,53582.1,4,4
2021-04-30 00:04:27.006000,53660.7,53582.1,4,4
2021-04-30 00:04:27.106000,53659.5,53582.1,4,4
2021-04-30 00:04:27.210000,53651.7,53582.1,4,4
2021-04-30 00:04:27.331000,53651.9,53582.1,4,4
2021-04-30 00:04:27.540000,53651.7,53582.1,4,4
2021-04-30 00:04:28.401000,53660.2,53582.1,4,4
2021-04-30 00:04:28.458000,53661.5,53582.1,4,4
2021-04-30 00:04:28.961000,53662.2,53582.1,4,4
2021-04-30 00:04:29.112000,53662.7,53582.1,4,4
2021-04-30 00:04:29.371000,53665.0,53584.3,4,4
2021-04-30 00:04:29.486000,53655.4,53582.1,4,4
2021-04-30 00:04:29.981000,53664.4,53583.7,4,4
2021-04-30 00:04:30.082000,53666.2,53585.5,4,4
2021-04-30 00:04:30.185000,53664.4,53583.7,4,17
2021-04-30 00:04:30.286000,53665.1,53584.4,4,4
2021-04-30 00:04:30.452000,53664.4,53583.7,4,17
2021-04-30 00:04:30.556000,53665.1,53584.4,4,4
2021-04-30 00:04:30.658000,53665.8,53585.1,4,4
2021-04-30 00:04:30.759000,53665.6,53584.9,4,4
2021-04-30 00:04:30.860000,53664.9,53584.2,4,4
2021-04-30 00:04:31.010000,53654.2,53583.7,4,13
2021-04-30 00:04:31.115000,53652.8,53583.7,4,13
2021-04-30 00:04:31.265000,53651.9,53584.3,4,6
2021-04-30 00:04:31.423000,53651.7,53584.3,4,6
2021-04-30 00:04:31.524000,53651.9,53584.3,4,6
2021-04-30 00:04:31.624000,53651.7,53584.3,4,6
2021-04-30 00:04:31.675000,53651.7,53583.3,4,9
2021-04-30 00:04:31.826000,53654.1,53583.3,4,9
2021-04-30 00:04:32.128000,53667.5,53586.8,4,4
2021-04-30 00:04:32.235000,53669.4,53588.7,4,4
2021-04-30 00:04:32.386000,53667.5,53586.8,4,4
2021-04-30 00:04:32.548000,53664.9,53584.2,4,4
2021-04-30 00:04:32.699000,53668.4,53587.7,4,4
2021-04-30 00:04:32.901000,53668.7,53588.0,4,4
2021-04-30 00:04:33.248000,53668.4,53587.7,4,4
2021-04-30 00:04:33.683000,53668.7,53588.0,4,4
2021-04-30 00:04:34.057000,53668.9,53588.2,4,4
2021-04-30 00:04:34.347000,53663.0,53582.3,4,4
2021-04-30 00:04:34.502000,53663.1,53582.4,4,4
2021-04-30 00:04:34.607000,53663.1,53582.5,4,4
2021-04-30 00:04:34.804000,53663.0,53582.3,4,4
2021-04-30 00:04:35.115000,53663.1,53582.4,4,4
2021-04-30 00:04:35.216000,53662.2,53581.5,4,4
2021-04-30 00:04:35.366000,53661.6,53580.9,4,4
2021-04-30 00:04:35.467000,53661.2,53580.5,4,4
2021-04-30 00:04:35.618000,53660.7,53580.1,4,4
2021-04-30 00:04:35.744000,53661.2,53581.2,4,6
2021-04-30 00:04:35.846000,53659.8,53581.2,4,6
2021-04-30 00:04:35.997000,53659.6,53581.2,4,6
2021-04-30 00:04:36.097000,53660.7,53581.2,4,6
2021-04-30 00:04:36.148000,53660.7,53580.0,4,4
2021-04-30 00:04:36.299000,53659.8,53579.1,4,4
2021-04-30 00:04:36.706000,53660.7,53580.0,4,4
2021-04-30 00:04:36.917000,53660.5,53579.8,4,4
2021-04-30 00:04:37.024000,53659.5,53578.8,4,4
2021-04-30 00:04:37.125000,53658.4,53577.7,4,4
2021-04-30 00:04:37.276000,53659.6,53579.0,4,4
2021-04-30 00:04:37.810000,53660.5,53579.8,4,4
2021-04-30 00:04:37.972000,53659.6,53579.0,4,4
2021-04-30 00:04:38.302000,53660.5,53579.8,4,4
2021-04-30 00:04:38.368000,53659.6,53579.0,4,4
2021-04-30 00:04:38.521000,53658.4,53577.7,4,4
2021-04-30 00:04:38.828000,53659.5,53578.8,4,4
2021-04-30 00:04:38.978000,53658.4,53577.7,4,4
2021-04-30 00:04:39.139000,53659.5,53578.8,4,4
2021-04-30 00:04:39.391000,53660.7,53580.0,4,4
2021-04-30 00:04:39.556000,53661.3,53580.6,4,4
2021-04-30 00:04:39.657000,53661.2,53580.5,4,4
2021-04-30 00:04:40.058000,53661.3,53580.6,4,4
2021-04-30 00:04:40.161000,53659.6,53579.0,4,4
2021-04-30 00:04:40.364000,53660.4,53579.7,4,4
2021-04-30 00:04:40.467000,53659.6,53579.0,4,4
2021-04-30 00:04:40.620000,53659.5,53578.8,4,4
2021-04-30 00:04:40.775000,53659.6,53579.0,4,4
2021-04-30 00:04:40.876000,53660.4,53579.7,4,4
2021-04-30 00:04:41.189000,53659.6,53579.0,4,4
2021-04-30 00:04:41.429000,53660.4,53579.7,4,4
2021-04-30 00:04:41.798000,53660.0,53579.3,4,4
2021-04-30 00:04:41.900000,53660.7,53580.0,4,4
2021-04-30 00:04:42.003000,53660.4,53579.8,4,4
2021-04-30 00:04:42.363000,53660.7,53580.0,4,4
2021-04-30 00:04:42.514000,53660.7,53580.1,4,4
2021-04-30 00:04:42.615000,53660.7,53580.0,4,4
2021-04-30 00:04:43.304000,53659.6,53579.0,4,4
2021-04-30 00:04:43.716000,53654.0,53577.1,4,10
2021-04-30 00:04:43.866000,53659.6,53579.0,4,4
2021-04-30 00:04:43.967000,53653.0,53577.1,4,10
2021-04-30 00:04:44.158000,53658.3,53577.6,4,4
2021-04-30 00:04:44.474000,53659.0,53578.4,4,4
2021-04-30 00:04:44.577000,53659.1,53578.4,4,4
2021-04-30 00:04:44.756000,53658.5,53577.8,4,4
2021-04-30 00:04:44.992000,53659.0,53578.4,4,4
2021-04-30 00:04:45.405000,53658.4,53577.7,4,4
2021-04-30 00:04:45.820000,53659.0,53578.4,4,4
2021-04-30 00:04:45.974000,53658.5,53577.8,4,4
2021-04-30 00:04:46.179000,53653.6,53577.1,4,10
2021-04-30 00:04:46.423000,53659.2,53578.5,4,4
2021-04-30 00:04:46.631000,53653.6,53577.1,4,10
2021-04-30 00:04:46.782000,53653.7,53577.1,4,10
2021-04-30 00:04:46.994000,53660.4,53579.7,4,4
2021-04-30 00:04:47.096000,53659.4,53578.7,4,4
2021-04-30 00:04:47.198000,53659.4,53585.5,4,7
2021-04-30 00:04:47.299000,53653.7,53585.5,4,7
2021-04-30 00:04:47.850000,53659.3,53585.5,4,4
2021-04-30 00:04:48.009000,53653.7,53585.5,4,4
2021-04-30 00:04:48.110000,53660.3,53585.5,4,4
2021-04-30 00:04:48.161000,53660.3,53584.7,4,11
2021-04-30 00:04:48.353000,53660.4,53584.7,4,11
2021-04-30 00:04:48.472000,53659.7,53584.7,4,11
2021-04-30 00:04:48.573000,53660.4,53584.7,4,11
2021-04-30 00:04:48.700000,53659.7,53584.8,4,13
2021-04-30 00:04:48.803000,53654.3,53584.8,4,13
2021-04-30 00:04:48.954000,53653.7,53584.8,4,13
2021-04-30 00:04:49.058000,53654.0,53584.8,4,13
2021-04-30 00:04:49.159000,53654.0,53583.3,4,12
2021-04-30 00:04:49.260000,53659.0,53583.3,4,12
2021-04-30 00:04:49.871000,53658.4,53583.3,4,12
2021-04-30 00:04:50.070000,53659.0,53583.3,4,12
2021-04-30 00:04:50.221000,53658.6,53583.3,4,12
2021-04-30 00:04:50.333000,53659.0,53583.3,4,12
2021-04-30 00:04:50.437000,53658.3,53583.3,4,12
2021-04-30 00:04:50.538000,53657.5,53583.3,4,12
2021-04-30 00:04:50.643000,53655.1,53583.3,4,12
2021-04-30 00:04:50.744000,53648.5,53585.4,4,11
2021-04-30 00:04:50.945000,53648.7,53585.4,4,11
2021-04-30 00:04:51.176000,53656.0,53585.4,4,11
2021-04-30 00:04:51.277000,53657.6,53585.4,4,11
2021-04-30 00:04:51.506000,53657.8,53585.4,4,11
2021-04-30 00:04:51.620000,53659.0,53585.4,4,11
2021-04-30 00:04:51.720000,53658.4,53580.2,4,9
2021-04-30 00:04:52.158000,53659.7,53580.2,4,9
2021-04-30 00:04:52.260000,53659.8,53580.2,4,9
2021-04-30 00:04:52.655000,53659.9,53580.2,4,9
2021-04-30 00:04:53.108000,53661.9,53581.2,4,4
2021-04-30 00:04:53.209000,53663.1,53582.4,4,4
2021-04-30 00:04:53.884000,53663.2,53582.5,4,4
2021-04-30 00:04:54.005000,53663.3,53582.7,4,4
2021-04-30 00:04:54.155000,53663.4,53582.7,4,4
2021-04-30 00:04:54.260000,53665.1,53584.4,4,4
2021-04-30 00:04:54.412000,53665.5,53584.8,4,4
2021-04-30 00:04:54.650000,53665.4,53584.7,4,4
2021-04-30 00:04:54.751000,53665.1,53584.4,4,13
2021-04-30 00:04:54.925000,53668.8,53588.1,4,4
2021-04-30 00:04:55.027000,53668.3,53587.6,4,4
2021-04-30 00:04:55.178000,53667.8,53587.1,4,4
2021-04-30 00:04:55.700000,53667.3,53586.6,4,4
2021-04-30 00:04:55.801000,53668.3,53587.6,4,4
2021-04-30 00:04:55.995000,53667.3,53586.6,4,4
2021-04-30 00:04:56.147000,53667.1,53586.4,4,4
2021-04-30 00:04:56.335000,53667.4,53586.7,4,4
2021-04-30 00:04:56.486000,53667.1,53586.4,4,4
2021-04-30 00:04:56.597000,53667.0,53586.3,4,4
2021-04-30 00:04:56.788000,53667.1,53586.4,4,4
2021-04-30 00:04:56.901000,53667.0,53586.3,4,4
2021-04-30 00:04:57.104000,53667.1,53586.4,4,4
2021-04-30 00:04:57.308000,53668.2,53587.5,4,4
2021-04-30 00:04:57.511000,53666.9,53586.2,4,4
2021-04-30 00:04:57.614000,53666.8,53586.1,4,4
2021-04-30 00:04:57.764000,53666.5,53585.8,4,4
2021-04-30 00:04:57.865000,53666.1,53585.4,4,4
2021-04-30 00:04:58.015000,53663.7,53584.3,4,5
2021-04-30 00:04:58.116000,53662.8,53584.3,4,5
2021-04-30 00:04:58.166000,53662.8,53582.1,4,4
2021-04-30 00:04:58.317000,53663.2,53582.5,4,4
2021-04-30 00:04:58.467000,53662.8,53582.1,4,4
2021-04-30 00:04:59.614000,53662.4,53581.7,4,4
2021-04-30 00:05:00.356000,53662.0,53581.3,4,4
2021-04-30 00:05:00.612000,53662.8,53582.1,4,4
2021-04-30 00:05:00.713000,53662.0,53581.3,4,4
2021-04-30 00:05:00.841000,53662.8,53582.1,4,4
2021-04-30 00:05:02.311000,53662.5,53581.9,4,4
2021-04-30 00:05:03.123000,53662.5,53581.8,4,4
2021-04-30 00:05:03.531000,53662.5,53581.9,4,4
2021-04-30 00:05:03.773000,53662.5,53581.8,4,4
2021-04-30 00:05:03.924000,53662.5,53581.9,4,4
2021-04-30 00:05:04.099000,53662.5,53581.8,4,4
2021-04-30 00:05:04.245000,53662.6,53581.9,4,4
2021-04-30 00:05:04.781000,53662.6,53582.0,4,4
2021-04-30 00:05:04.973000,53662.6,53581.9,4,4
2021-04-30 00:05:05.333000,53662.5,53581.8,4,4
2021-04-30 00:05:06.235000,53662.5,53581.9,4,4
2021-04-30 00:05:06.385000,53662.0,53581.4,4,4
2021-04-30 00:05:06.746000,53662.5,53581.8,4,4
2021-04-30 00:05:07.068000,53662.5,53581.9,4,4
2021-04-30 00:05:07.406000,53662.5,53581.8,4,4
2021-04-30 00:05:07.535000,53662.5,53581.9,4,4
2021-04-30 00:05:07.786000,53662.6,53581.9,4,4
2021-04-30 00:05:08.941000,53662.9,53582.2,4,4
2021-04-30 00:05:09.042000,53664.8,53584.1,4,4
2021-04-30 00:05:09.197000,53665.0,53584.3,4,4
2021-04-30 00:05:09.298000,53664.8,53584.1,4,4
2021-04-30 00:05:09.448000,53665.0,53584.3,4,4
2021-04-30 00:05:09.551000,53664.1,53583.4,4,4
2021-04-30 00:05:09.652000,53663.6,53582.9,4,4
2021-04-30 00:05:09.753000,53664.4,53583.7,4,4
2021-04-30 00:05:09.903000,53664.8,53584.1,4,4
2021-04-30 00:05:10.215000,53665.0,53584.3,4,4
2021-04-30 00:05:10.466000,53664.8,53584.1,4,4
2021-04-30 00:05:10.604000,53664.1,53583.4,4,4
2021-04-30 00:05:10.797000,53662.9,53582.3,4,8
2021-04-30 00:05:11.149000,53662.8,53582.3,4,8
2021-04-30 00:05:11.305000,53664.1,53583.4,4,4
2021-04-30 00:05:11.410000,53663.4,53582.7,4,4
2021-04-30 00:05:11.714000,53663.8,53583.1,4,4
2021-04-30 00:05:11.818000,53667.8,53587.1,4,4
2021-04-30 00:05:11.921000,53668.1,53587.4,4,4
2021-04-30 00:05:12.071000,53668.3,53587.6,4,4
2021-04-30 00:05:12.305000,53668.1,53587.4,4,4
2021-04-30 00:05:12.634000,53668.3,53587.6,4,4
2021-04-30 00:05:13.089000,53668.7,53588.0,4,4
2021-04-30 00:05:13.240000,53667.8,53587.1,4,4
2021-04-30 00:05:13.355000,53668.1,53587.4,4,4
2021-04-30 00:05:13.505000,53667.3,53586.6,4,4
2021-04-30 00:05:13.868000,53667.8,53587.1,4,4
2021-04-30 00:05:13.993000,53668.0,53587.3,4,4
2021-04-30 00:05:14.109000,53668.4,53587.7,4,4
2021-04-30 00:05:14.261000,53668.7,53588.0,4,4
2021-04-30 00:05:14.681000,53669.0,53588.3,4,4
2021-04-30 00:05:15.195000,53669.3,53588.6,4,4
2021-04-30 00:05:15.959000,53669.3,53588.7,4,4
2021-04-30 00:05:16.647000,53669.3,53588.6,4,4
2021-04-30 00:05:16.748000,53669.2,53588.5,4,4
2021-04-30 00:05:17.146000,53669.2,53590.4,4,3
2021-04-30 00:05:17.308000,53669.0,53590.4,4,3
2021-04-30 00:05:17.409000,53668.7,53590.4,4,3
2021-04-30 00:05:18.111000,53668.1,53590.4,4,3
2021-04-30 00:05:18.263000,53668.7,53590.4,4,3
2021-04-30 00:05:18.518000,53668.5,53590.4,4,3
2021-04-30 00:05:18.669000,53668.7,53590.4,4,3
2021-04-30 00:05:19.038000,53669.0,53590.4,4,3
2021-04-30 00:05:19.141000,53669.7,53590.4,4,3
2021-04-30 00:05:19.349000,53669.3,53590.4,4,3
2021-04-30 00:05:19.463000,53670.2,53590.4,4,3
2021-04-30 00:05:19.664000,53670.4,53590.4,4,3
2021-04-30 00:05:19.764000,53670.0,53590.4,4,3
2021-04-30 00:05:19.865000,53670.4,53590.4,4,3
2021-04-30 00:05:20.066000,53670.0,53590.4,4,3
2021-04-30 00:05:20.374000,53669.5,53590.4,4,3
2021-04-30 00:05:20.683000,53669.5,53589.0,4,10
2021-04-30 00:05:21.011000,53669.3,53589.0,4,10
2021-04-30 00:05:21.264000,53670.4,53589.7,4,4
2021-04-30 00:05:21.393000,53670.3,53589.7,4,4
2021-04-30 00:05:21.798000,53669.8,53589.1,4,4
2021-04-30 00:05:21.949000,53670.3,53589.7,4,4
2021-04-30 00:05:22.109000,53669.8,53589.1,4,4
2021-04-30 00:05:22.260000,53670.3,53589.7,4,4
2021-04-30 00:05:22.513000,53670.4,53589.7,4,4
2021-04-30 00:05:22.801000,53670.3,53589.7,4,4
2021-04-30 00:05:22.917000,53670.4,53589.7,4,4
2021-04-30 00:05:23.500000,53669.8,53589.1,4,4
2021-04-30 00:05:23.603000,53669.7,53589.1,4,4
2021-04-30 00:05:24.406000,53668.9,53588.2,4,4
2021-04-30 00:05:24.821000,53669.7,53589.1,4,4
2021-04-30 00:05:25.650000,53669.6,53588.9,4,4
2021-04-30 00:05:25.764000,53668.9,53588.2,4,4
2021-04-30 00:05:25.875000,53669.7,53589.1,4,4
2021-04-30 00:05:26.302000,53669.8,53589.1,4,4
2021-04-30 00:05:26.452000,53669.7,53589.1,4,4
2021-04-30 00:05:26.553000,53670.2,53589.5,4,4
2021-04-30 00:05:26.650000,53669.8,53589.1,4,4
2021-04-30 00:05:26.800000,53668.9,53588.2,4,4
2021-04-30 00:05:26.999000,53668.7,53588.0,4,4
2021-04-30 00:05:27.100000,53668.0,53587.3,4,4
2021-04-30 00:05:27.251000,53667.9,53587.2,4,4
2021-04-30 00:05:27.401000,53665.2,53584.5,4,4
2021-04-30 00:05:28.611000,53663.6,53582.9,4,4
2021-04-30 00:05:28.714000,53662.8,53582.4,4,4
2021-04-30 00:05:28.816000,53663.3,53582.6,4,4
2021-04-30 00:05:28.918000,53662.1,53582.4,4,4
2021-04-30 00:05:29.022000,53662.0,53582.4,4,4
2021-04-30 00:05:29.370000,53660.5,53582.4,4,4
2021-04-30 00:05:29.521000,53659.6,53582.4,4,4
2021-04-30 00:05:29.681000,53659.6,53582.0,4,6
2021-04-30 00:05:30.155000,53659.6,53578.9,4,4
2021-04-30 00:05:30.408000,53659.4,53578.7,4,8
2021-04-30 00:05:30.559000,53659.1,53578.7,4,4
2021-04-30 00:05:30.659000,53659.1,53578.5,4,4
2021-04-30 00:05:30.760000,53653.8,53578.5,4,4
2021-04-30 00:05:31.254000,53655.1,53578.5,4,4
2021-04-30 00:05:31.357000,53655.2,53578.5,4,4
2021-04-30 00:05:31.858000,53655.3,53578.5,4,4
2021-04-30 00:05:32.012000,53653.3,53578.5,4,4
2021-04-30 00:05:32.116000,53651.7,53578.5,4,4
2021-04-30 00:05:32.219000,53651.1,53578.5,4,4
2021-04-30 00:05:32.380000,53650.8,53578.5,4,4
2021-04-30 00:05:33.666000,53650.8,53575.3,4,9
2021-04-30 00:05:33.823000,53650.0,53575.3,4,9
2021-04-30 00:05:33.926000,53643.2,53575.3,4,9
2021-04-30 00:05:34.077000,53642.2,53575.3,4,9
2021-04-30 00:05:34.184000,53638.6,53575.3,4,9
2021-04-30 00:05:34.829000,53637.6,53575.3,4,9
2021-04-30 00:05:34.935000,53636.2,53575.3,4,9
2021-04-30 00:05:35.137000,53637.4,53575.3,4,9
2021-04-30 00:05:35.245000,53630.2,53575.3,4,9
2021-04-30 00:05:35.471000,53625.7,53575.3,4,9
2021-04-30 00:05:35.672000,53625.7,53570.6,4,1
2021-04-30 00:05:35.723000,53622.7,53570.6,4,1
2021-04-30 00:05:35.873000,53620.6,53570.6,4,1
2021-04-30 00:05:35.924000,53622.7,53570.6,4,1
2021-04-30 00:05:36.024000,53615.2,53565.2,4,1
2021-04-30 00:05:36.141000,53617.2,53567.2,4,1
2021-04-30 00:05:36.247000,53614.6,53562.6,4,4
2021-04-30 00:05:36.457000,53613.9,53562.6,4,4
2021-04-30 00:05:36.716000,53613.5,53562.6,4,4
2021-04-30 00:05:36.816000,53613.8,53562.6,4,4
2021-04-30 00:05:36.917000,53612.9,53562.6,4,4
2021-04-30 00:05:37.123000,53614.2,53562.6,4,4
2021-04-30 00:05:37.425000,53614.1,53562.6,4,4
2021-04-30 00:05:37.535000,53614.7,53562.6,4,4
2021-04-30 00:05:37.651000,53614.6,53562.6,4,4
2021-04-30 00:05:37.857000,53616.0,53562.6,4,4
2021-04-30 00:05:37.960000,53616.5,53562.6,4,4
2021-04-30 00:05:38.111000,53615.9,53562.6,4,4
2021-04-30 00:05:38.161000,53615.9,53538.6,4,5
2021-04-30 00:05:38.262000,53616.5,53538.6,4,5
2021-04-30 00:05:38.312000,53615.9,53538.6,4,5
2021-04-30 00:05:38.514000,53615.6,53538.6,4,5
2021-04-30 00:05:38.616000,53611.2,53538.6,4,5
2021-04-30 00:05:38.718000,53615.6,53538.6,4,5
2021-04-30 00:05:38.819000,53615.3,53538.6,4,5
2021-04-30 00:05:38.921000,53615.6,53538.6,4,5
2021-04-30 00:05:39.175000,53615.4,53538.6,4,5
2021-04-30 00:05:39.325000,53615.3,53538.6,4,5
2021-04-30 00:05:39.426000,53614.9,53538.6,4,5
2021-04-30 00:05:39.591000,53608.7,53538.6,4,5
2021-04-30 00:05:41.905000,53611.3,53538.6,4,5
2021-04-30 00:05:42.251000,53607.9,53538.6,4,5
2021-04-30 00:05:42.523000,53607.9,53542.7,4,7
2021-04-30 00:05:42.573000,53609.5,53542.7,4,7
2021-04-30 00:05:42.724000,53614.4,53542.7,4,7
2021-04-30 00:05:42.775000,53614.4,53543.1,4,7
2021-04-30 00:05:42.825000,53621.1,53543.1,4,7
2021-04-30 00:05:42.936000,53621.5,53543.1,4,7
2021-04-30 00:05:43.037000,53620.9,53543.1,4,7
2021-04-30 00:05:43.141000,53620.2,53543.1,4,7
2021-04-30 00:05:43.242000,53617.2,53543.1,4,7
2021-04-30 00:05:43.293000,53617.2,53541.2,4,7
2021-04-30 00:05:43.397000,53617.1,53541.2,4,7
2021-04-30 00:05:43.502000,53616.5,53541.2,4,7
2021-04-30 00:05:43.603000,53612.1,53541.2,4,7
2021-04-30 00:05:43.704000,53612.1,53540.7,4,7
2021-04-30 00:05:43.754000,53611.3,53540.7,4,7
2021-04-30 00:05:44.504000,53611.3,53540.2,4,7
2021-04-30 00:05:44.606000,53611.4,53540.2,4,7
2021-04-30 00:05:44.902000,53611.3,53540.4,4,7
2021-04-30 00:05:45.003000,53612.1,53540.4,4,7
2021-04-30 00:05:45.158000,53612.1,53538.2,4,7
2021-04-30 00:05:45.258000,53613.6,53538.2,4,7
2021-04-30 00:05:45.410000,53611.4,53538.1,4,7
2021-04-30 00:05:45.708000,53611.4,53538.2,4,7
2021-04-30 00:05:46.111000,53611.5,53536.7,4,7
2021-04-30 00:05:46.211000,53611.3,53536.7,4,7
2021-04-30 00:05:46.547000,53610.8,53536.7,4,7
2021-04-30 00:05:46.698000,53611.0,53536.7,4,7
2021-04-30 00:05:47.025000,53610.8,53536.7,4,7
2021-04-30 00:05:47.126000,53611.3,53536.7,4,7
2021-04-30 00:05:47.660000,53613.1,53536.7,4,7
2021-04-30 00:05:47.897000,53620.1,53539.4,4,4
2021-04-30 00:05:47.998000,53620.2,53539.5,4,4
2021-04-30 00:05:48.098000,53622.3,53541.6,4,4
2021-04-30 00:05:48.199000,53621.6,53542.7,4,7
2021-04-30 00:05:48.300000,53620.2,53542.7,4,7
2021-04-30 00:05:48.402000,53621.8,53542.9,4,7
2021-04-30 00:05:48.504000,53617.4,53542.9,4,7
2021-04-30 00:05:48.656000,53617.4,53542.7,4,7
2021-04-30 00:05:48.706000,53602.7,53542.7,4,7
2021-04-30 00:05:48.807000,53601.0,53542.7,4,7
2021-04-30 00:05:48.907000,53601.0,53538.4,4,7
2021-04-30 00:05:49.124000,53601.0,53535.7,4,7
2021-04-30 00:05:49.224000,53599.5,53535.7,4,7
2021-04-30 00:05:49.330000,53597.7,53535.7,4,7
2021-04-30 00:05:49.380000,53597.7,53532.9,4,9
2021-04-30 00:05:49.662000,53597.7,53525.8,4,5
2021-04-30 00:05:49.713000,53599.5,53525.8,4,5
2021-04-30 00:05:50.004000,53599.0,53525.8,4,5
2021-04-30 00:05:50.190000,53599.0,53532.9,4,7
2021-04-30 00:05:50.654000,53599.0,53525.7,4,9
2021-04-30 00:05:50.803000,53598.9,53525.7,4,9
2021-04-30 00:05:50.904000,53597.2,53525.7,4,9
2021-04-30 00:05:51.191000,53597.2,53518.0,4,4
2021-04-30 00:05:53.084000,53597.0,53518.0,4,4
2021-04-30 00:05:53.187000,53594.1,53518.0,4,4
2021-04-30 00:05:53.338000,53592.5,53518.0,4,4
2021-04-30 00:05:53.442000,53584.3,53518.0,4,4
2021-04-30 00:05:53.556000,53582.0,53518.0,4,4
2021-04-30 00:05:53.663000,53583.7,53518.0,4,4
2021-04-30 00:05:53.920000,53582.0,53518.0,4,4
2021-04-30 00:05:54.071000,53581.9,53518.0,4,4
2021-04-30 00:05:54.221000,53582.0,53518.0,4,4
2021-04-30 00:05:54.322000,53581.9,53518.0,4,4
2021-04-30 00:05:54.472000,53580.4,53518.0,4,4
2021-04-30 00:05:54.573000,53573.3,53518.0,4,4
2021-04-30 00:05:54.692000,53573.1,53516.3,4,12
2021-04-30 00:05:54.851000,53573.0,53516.3,4,12
2021-04-30 00:05:54.902000,53572.1,53516.3,4,12
2021-04-30 00:05:55.012000,53571.1,53516.3,4,12
2021-04-30 00:05:55.259000,53570.8,53516.3,4,12
2021-04-30 00:05:55.455000,53566.2,53516.2,4,12
2021-04-30 00:05:55.718000,53571.1,53516.3,4,12
2021-04-30 00:05:55.820000,53566.6,53516.3,4,12
2021-04-30 00:05:55.920000,53571.5,53516.3,4,12
2021-04-30 00:05:56.021000,53572.8,53516.3,4,12
2021-04-30 00:05:56.149000,53572.8,53515.2,4,7
2021-04-30 00:05:56.250000,53572.9,53515.2,4,7
2021-04-30 00:05:56.350000,53571.5,53515.2,4,7
2021-04-30 00:05:56.876000,53569.1,53515.2,4,7
2021-04-30 00:05:57.147000,53569.1,53501.0,4,13
2021-04-30 00:05:57.248000,53569.2,53501.0,4,13
2021-04-30 00:05:57.422000,53569.1,53501.0,4,13
2021-04-30 00:05:58.571000,53568.2,53501.0,4,13
2021-04-30 00:05:58.723000,53569.1,53501.0,4,13
2021-04-30 00:05:58.874000,53570.5,53501.0,4,13
2021-04-30 00:05:59.128000,53569.3,53501.0,4,13
2021-04-30 00:06:01.524000,53569.1,53501.0,4,13
2021-04-30 00:06:01.625000,53567.0,53501.0,4,13
2021-04-30 00:06:01.776000,53566.9,53501.0,4,13
2021-04-30 00:06:01.937000,53567.0,53501.0,4,13
2021-04-30 00:06:02.093000,53568.9,53501.0,4,13
2021-04-30 00:06:02.193000,53567.0,53501.0,4,13
2021-04-30 00:06:02.298000,53568.9,53501.0,4,13
2021-04-30 00:06:03.420000,53569.7,53501.0,4,13
2021-04-30 00:06:03.625000,53568.9,53501.0,4,13
2021-04-30 00:06:03.725000,53569.7,53501.0,4,13
2021-04-30 00:06:03.826000,53568.9,53501.0,4,13
2021-04-30 00:06:04.036000,53569.7,53501.0,4,13
2021-04-30 00:06:04.138000,53570.1,53501.0,4,13
2021-04-30 00:06:04.240000,53569.7,53501.0,4,13
2021-04-30 00:06:04.345000,53569.9,53501.0,4,13
2021-04-30 00:06:04.501000,53570.0,53501.0,4,13
2021-04-30 00:06:04.602000,53569.9,53501.0,4,13
2021-04-30 00:06:05.193000,53569.9,53502.8,4,12
2021-04-30 00:06:06.822000,53567.2,53502.8,4,12
2021-04-30 00:06:07.649000,53567.2,53497.5,4,9
2021-04-30 00:06:08.155000,53567.2,53489.0,4,7
2021-04-30 00:06:08.298000,53566.0,53489.0,4,7
2021-04-30 00:06:08.706000,53566.0,53488.8,4,7
2021-04-30 00:06:08.917000,53566.0,53487.8,4,7
2021-04-30 00:06:09.153000,53559.4,53487.8,4,7
2021-04-30 00:06:09.203000,53559.4,53487.3,4,3
2021-04-30 00:06:09.535000,53563.2,53487.3,4,3
2021-04-30 00:06:09.647000,53563.4,53487.3,4,3
2021-04-30 00:06:09.798000,53564.1,53487.3,4,3
2021-04-30 00:06:09.852000,53563.7,53487.3,4,3
2021-04-30 00:06:09.958000,53565.8,53487.3,4,3
2021-04-30 00:06:10.109000,53565.5,53487.3,4,3
2021-04-30 00:06:10.163000,53567.7,53487.3,4,3
2021-04-30 00:06:10.313000,53568.0,53487.3,4,19
2021-04-30 00:06:10.369000,53567.3,53487.3,4,10
2021-04-30 00:06:10.564000,53567.8,53487.3,4,10
2021-04-30 00:06:10.866000,53567.3,53487.3,4,3
2021-04-30 00:06:11.017000,53568.3,53487.6,4,4
2021-04-30 00:06:11.118000,53568.6,53488.0,4,4
2021-04-30 00:06:11.279000,53569.1,53488.4,4,4
2021-04-30 00:06:11.382000,53568.3,53487.6,4,4
2021-04-30 00:06:11.588000,53568.1,53487.4,4,4
2021-04-30 00:06:11.742000,53566.7,53487.3,4,10
2021-04-30 00:06:11.991000,53567.3,53487.3,4,10
2021-04-30 00:06:12.403000,53567.8,53487.3,4,10
2021-04-30 00:06:12.508000,53567.3,53487.3,4,10
2021-04-30 00:06:12.712000,53566.7,53487.3,4,3
2021-04-30 00:06:12.919000,53567.7,53487.3,4,3
2021-04-30 00:06:13.543000,53564.8,53487.3,4,3
2021-04-30 00:06:13.945000,53563.5,53487.3,4,3
2021-04-30 00:06:14.048000,53565.4,53487.3,4,3
2021-04-30 00:06:14.152000,53565.3,53487.3,4,3
2021-04-30 00:06:14.253000,53565.2,53487.3,4,3
2021-04-30 00:06:14.460000,53565.0,53487.3,4,3
2021-04-30 00:06:14.562000,53561.7,53487.3,4,3
2021-04-30 00:06:14.872000,53563.9,53487.3,4,3
2021-04-30 00:06:14.985000,53558.3,53487.3,4,3
2021-04-30 00:06:15.194000,53560.7,53487.3,4,3
2021-04-30 00:06:15.745000,53556.5,53487.3,4,3
2021-04-30 00:06:16.156000,53557.1,53487.3,4,3
2021-04-30 00:06:16.692000,53557.1,53482.8,4,7
2021-04-30 00:06:16.743000,53557.1,53482.5,4,7
2021-04-30 00:06:17.205000,53557.1,53482.3,4,7
2021-04-30 00:06:17.255000,53555.7,53482.3,4,7
2021-04-30 00:06:17.436000,53555.7,53481.9,4,7
2021-04-30 00:06:18.233000,53555.7,53482.0,4,7
2021-04-30 00:06:18.438000,53555.7,53481.3,4,7
2021-04-30 00:06:19.577000,53554.3,53481.3,4,7
2021-04-30 00:06:22.464000,53551.6,53481.3,4,7
2021-04-30 00:06:22.683000,53551.6,53480.3,4,7
2021-04-30 00:06:22.851000,53549.5,53480.3,4,7
2021-04-30 00:06:22.901000,53549.5,53479.5,4,7
2021-04-30 00:06:23.002000,53548.0,53479.5,4,7
2021-04-30 00:06:23.103000,53546.2,53479.5,4,7
2021-04-30 00:06:23.153000,53546.2,53474.4,4,7
2021-04-30 00:06:23.203000,53541.9,53474.4,4,7
2021-04-30 00:06:23.406000,53536.3,53470.9,4,7
2021-04-30 00:06:23.508000,53535.8,53470.9,4,7
2021-04-30 00:06:23.610000,53535.1,53470.9,4,7
2021-04-30 00:06:23.661000,53535.1,53470.3,4,7
2021-04-30 00:06:23.711000,53533.4,53470.3,4,7
2021-04-30 00:06:23.815000,53524.5,53470.3,4,7
2021-04-30 00:06:23.916000,53524.5,53466.8,4,7
2021-04-30 00:06:24.024000,53533.4,53466.8,4,7
2021-04-30 00:06:24.125000,53524.0,53466.8,4,7
2021-04-30 00:06:24.332000,53524.0,53468.3,4,7
2021-04-30 00:06:24.383000,53525.5,53468.3,4,7
2021-04-30 00:06:24.502000,53524.0,53468.3,4,7
2021-04-30 00:06:24.552000,53524.0,53466.8,4,7
2021-04-30 00:06:24.958000,53523.7,53466.8,4,7
2021-04-30 00:06:25.059000,53523.7,53465.0,4,7
2021-04-30 00:06:25.323000,53523.3,53464.3,4,7
2021-04-30 00:06:25.546000,53516.3,53464.3,4,7
2021-04-30 00:06:25.596000,53516.3,53463.8,4,7
2021-04-30 00:06:25.824000,53516.3,53463.3,4,7
2021-04-30 00:06:26.049000,53516.3,53463.2,4,7
2021-04-30 00:06:26.201000,53515.1,53463.2,4,7
2021-04-30 00:06:26.302000,53515.1,53462.8,4,7
2021-04-30 00:06:26.505000,53511.0,53461.0,4,7
2021-04-30 00:06:26.555000,53511.8,53461.8,4,7
2021-04-30 00:06:26.606000,53510.6,53460.6,4,7
2021-04-30 00:06:26.810000,53511.1,53461.1,4,7
2021-04-30 00:06:27.049000,53510.9,53460.9,4,7
2021-04-30 00:06:28.805000,53508.7,53458.7,4,7
2021-04-30 00:06:28.905000,53509.8,53459.8,4,7
2021-04-30 00:06:28.960000,53508.7,53458.7,4,7
2021-04-30 00:06:29.062000,53509.0,53459.0,4,7
2021-04-30 00:06:29.332000,53508.7,53458.7,4,7
2021-04-30 00:06:29.980000,53509.1,53459.1,4,7
2021-04-30 00:06:30.285000,53509.6,53459.6,4,7
2021-04-30 00:06:30.805000,53509.3,53459.3,4,7
2021-04-30 00:06:31.109000,53509.1,53459.1,4,7
2021-04-30 00:06:31.214000,53508.9,53458.9,4,7
2021-04-30 00:06:31.315000,53508.5,53458.5,4,7
2021-04-30 00:06:32.926000,53510.0,53460.0,4,7
2021-04-30 00:06:32.976000,53506.0,53456.0,4,7
2021-04-30 00:06:33.109000,53505.4,53455.4,4,7
2021-04-30 00:06:33.273000,53509.9,53459.9,4,7
2021-04-30 00:06:33.415000,53504.3,53454.3,4,7
2021-04-30 00:06:33.516000,53505.2,53455.2,4,7
2021-04-30 00:06:33.620000,53505.3,53455.3,4,7
2021-04-30 00:06:33.673000,53505.7,53455.7,4,7
2021-04-30 00:06:33.778000,53505.8,53455.8,4,7
2021-04-30 00:06:33.881000,53506.2,53456.2,4,7
2021-04-30 00:06:33.984000,53505.3,53455.3,4,7
2021-04-30 00:06:34.190000,53505.2,53455.2,4,7
2021-04-30 00:06:34.294000,53506.3,53456.3,4,7
2021-04-30 00:06:34.345000,53509.1,53459.1,4,7
2021-04-30 00:06:34.395000,53504.5,53454.5,4,7
2021-04-30 00:06:34.903000,53501.0,53451.0,4,7
2021-04-30 00:06:35.006000,53501.2,53451.2,4,7
2021-04-30 00:06:35.230000,53501.0,53451.0,4,7
2021-04-30 00:06:36.067000,53499.4,53449.4,4,7
2021-04-30 00:06:36.268000,53501.5,53451.5,4,7
2021-04-30 00:06:36.368000,53499.4,53449.4,4,7
2021-04-30 00:06:36.695000,53509.0,53459.0,4,7
2021-04-30 00:06:36.796000,53495.9,53445.9,4,7
2021-04-30 00:06:36.946000,53505.6,53455.6,4,7
2021-04-30 00:06:37.961000,53496.1,53446.1,4,7
2021-04-30 00:06:38.934000,53496.4,53446.4,4,7
2021-04-30 00:06:39.304000,53496.1,53446.1,4,7
2021-04-30 00:06:39.800000,53505.1,53455.1,4,7
2021-04-30 00:06:39.860000,53494.7,53444.7,4,7
2021-04-30 00:06:40.024000,53504.4,53454.4,4,7
2021-04-30 00:06:40.355000,53494.8,53444.8,4,7
2021-04-30 00:06:42.007000,53496.2,53446.2,4,7
2021-04-30 00:06:42.107000,53496.8,53446.8,4,7
2021-04-30 00:06:42.208000,53496.7,53446.7,4,7
2021-04-30 00:06:42.258000,53505.6,53455.6,7,7
2021-04-30 00:06:42.361000,53496.2,53446.2,4,7
2021-04-30 00:06:42.616000,53496.0,53446.0,4,7
2021-04-30 00:06:43.005000,53504.4,53454.4,4,7
2021-04-30 00:06:43.055000,53494.7,53444.7,4,7
2021-04-30 00:06:44.143000,53491.4,53441.4,4,7
2021-04-30 00:06:44.633000,53483.5,53433.5,4,7
2021-04-30 00:06:44.734000,53504.4,53454.4,4,7
2021-04-30 00:06:44.835000,53493.9,53443.9,4,7
2021-04-30 00:06:44.935000,53493.5,53443.5,4,7
2021-04-30 00:06:45.036000,53495.0,53445.0,4,7
2021-04-30 00:06:45.137000,53497.9,53447.9,4,7
2021-04-30 00:06:45.237000,53496.9,53446.9,4,7
2021-04-30 00:06:45.353000,53496.7,53446.7,4,7
2021-04-30 00:06:45.509000,53496.9,53446.9,4,7
2021-04-30 00:06:45.612000,53500.7,53450.7,4,7
2021-04-30 00:06:45.713000,53500.0,53450.0,4,7
2021-04-30 00:06:45.814000,53500.7,53450.7,4,7
2021-04-30 00:06:45.915000,53502.1,53452.1,4,7
2021-04-30 00:06:45.965000,53510.0,53460.0,7,7
2021-04-30 00:06:46.072000,53501.7,53451.7,4,7
2021-04-30 00:06:46.209000,53504.6,53454.6,4,7
2021-04-30 00:06:46.558000,53503.5,53453.5,4,7
2021-04-30 00:06:46.709000,53504.6,53454.6,4,7
2021-04-30 00:06:46.810000,53503.9,53453.9,4,7
2021-04-30 00:06:47.012000,53503.5,53453.5,4,7
2021-04-30 00:06:47.163000,53502.9,53452.9,4,7
2021-04-30 00:06:47.218000,53503.7,53453.7,4,7
2021-04-30 00:06:47.331000,53504.3,53454.3,4,7
2021-04-30 00:06:47.504000,53501.0,53451.0,4,7
2021-04-30 00:06:47.609000,53501.9,53451.9,4,7
2021-04-30 00:06:47.709000,53510.8,53460.8,4,7
2021-04-30 00:06:47.810000,53500.9,53450.9,4,7
2021-04-30 00:06:48.107000,53510.3,53460.3,4,7
2021-04-30 00:06:48.208000,53502.1,53452.1,4,7
2021-04-30 00:06:48.359000,53509.7,53459.7,4,7
2021-04-30 00:06:48.409000,53499.9,53449.9,4,7
2021-04-30 00:06:48.611000,53492.6,53442.6,4,7
2021-04-30 00:06:48.662000,53509.1,53459.1,4,7
2021-04-30 00:06:48.905000,53507.8,53457.8,4,7
2021-04-30 00:06:49.111000,53507.6,53457.6,4,7
2021-04-30 00:06:49.212000,53499.2,53449.2,4,7
2021-04-30 00:06:49.313000,53499.5,53449.5,4,7
2021-04-30 00:06:49.413000,53490.2,53440.2,4,7
2021-04-30 00:06:49.514000,53507.8,53457.8,4,7
2021-04-30 00:06:49.627000,53499.2,53449.2,4,7
2021-04-30 00:06:49.732000,53499.3,53449.3,4,7
2021-04-30 00:06:50.083000,53499.5,53449.5,4,7
2021-04-30 00:06:50.238000,53500.8,53450.8,4,7
2021-04-30 00:06:50.756000,53492.4,53442.4,4,7
2021-04-30 00:06:50.961000,53491.8,53441.8,4,7
2021-04-30 00:06:51.117000,53491.6,53441.6,4,7
2021-04-30 00:06:51.167000,53499.3,53449.3,4,7
2021-04-30 00:06:51.269000,53499.0,53449.0,4,7
2021-04-30 00:06:51.512000,53507.3,53457.3,4,7
2021-04-30 00:06:51.563000,53488.6,53438.6,4,7
2021-04-30 00:06:51.677000,53488.2,53438.2,4,7
2021-04-30 00:06:51.727000,53488.9,53438.9,4,7
2021-04-30 00:06:51.778000,53504.4,53454.4,4,7
2021-04-30 00:06:52.038000,53506.9,53456.9,4,7
2021-04-30 00:06:52.197000,53495.5,53445.5,4,7
2021-04-30 00:06:52.299000,53506.8,53456.8,4,7
2021-04-30 00:06:52.415000,53494.2,53444.2,4,7
2021-04-30 00:06:52.528000,53494.4,53444.4,4,7
2021-04-30 00:06:52.581000,53505.5,53455.5,4,7
2021-04-30 00:06:52.681000,53494.2,53444.2,4,7
2021-04-30 00:06:52.795000,53505.5,53455.5,4,7
2021-04-30 00:06:53.228000,53492.9,53442.9,4,7
2021-04-30 00:06:53.278000,53504.4,53454.4,4,7
2021-04-30 00:06:53.669000,53493.3,53443.3,4,7
2021-04-30 00:06:53.926000,53492.9,53442.9,4,7
2021-04-30 00:06:54.077000,53492.4,53442.4,4,7
2021-04-30 00:06:54.303000,53492.8,53442.8,4,7
2021-04-30 00:06:54.541000,53493.7,53443.7,4,7
2021-04-30 00:06:54.692000,53505.5,53455.5,4,7
2021-04-30 00:06:54.868000,53493.6,53443.6,4,7
2021-04-30 00:06:55.018000,53507.6,53457.6,4,7
2021-04-30 00:06:55.069000,53495.4,53445.4,4,7
2021-04-30 00:06:55.366000,53493.6,53443.6,4,7
2021-04-30 00:06:55.467000,53493.1,53443.1,4,7
2021-04-30 00:06:55.567000,53495.6,53445.6,4,7
2021-04-30 00:06:55.674000,53493.1,53443.1,4,7
2021-04-30 00:06:55.834000,53505.5,53455.5,4,7
2021-04-30 00:06:55.936000,53493.7,53443.7,4,7
2021-04-30 00:06:56.496000,53494.3,53444.3,4,7
2021-04-30 00:06:56.650000,53494.7,53444.7,4,7
2021-04-30 00:06:56.858000,53494.3,53444.3,4,7
2021-04-30 00:06:56.958000,53504.4,53454.4,4,7
2021-04-30 00:06:57.009000,53493.6,53443.6,4,7
2021-04-30 00:06:57.109000,53494.3,53444.3,4,7
2021-04-30 00:06:57.210000,53493.6,53443.6,4,7
2021-04-30 00:06:57.472000,53494.0,53444.0,4,7
2021-04-30 00:06:57.677000,53494.9,53444.9,4,7
2021-04-30 00:06:57.797000,53495.4,53445.4,4,7
2021-04-30 00:06:57.901000,53506.2,53456.2,4,7
2021-04-30 00:06:58.002000,53494.7,53444.7,4,7
2021-04-30 00:06:58.108000,53492.9,53442.9,4,7
2021-04-30 00:06:58.209000,53492.4,53442.4,4,7
2021-04-30 00:06:58.417000,53504.4,53454.4,4,7
2021-04-30 00:06:58.669000,53492.9,53442.9,4,7
2021-04-30 00:06:58.885000,53506.1,53456.1,4,7
2021-04-30 00:06:59.143000,53506.0,53456.0,4,7
2021-04-30 00:06:59.248000,53492.9,53442.9,4,7
2021-04-30 00:06:59.356000,53493.4,53443.4,4,7
2021-04-30 00:06:59.507000,53504.4,53454.4,4,7
2021-04-30 00:06:59.664000,53494.2,53444.2,4,7
2021-04-30 00:06:59.715000,53505.7,53455.7,4,7
2021-04-30 00:06:59.765000,53495.0,53445.0,4,7
2021-04-30 00:06:59.906000,53494.2,53444.2,4,7
2021-04-30 00:06:59.956000,53504.4,53454.4,4,7
2021-04-30 00:07:00.061000,53495.0,53445.0,4,7
2021-04-30 00:07:00.111000,53494.2,53444.2,4,7
2021-04-30 00:07:00.214000,53493.4,53443.4,4,7
2021-04-30 00:07:00.315000,53493.1,53443.1,4,7
2021-04-30 00:07:00.420000,53493.7,53443.7,4,7
2021-04-30 00:07:00.470000,53507.0,53457.0,4,7
2021-04-30 00:07:00.621000,53493.9,53443.9,4,7
2021-04-30 00:07:00.724000,53494.2,53444.2,4,7
2021-04-30 00:07:00.980000,53506.8,53456.8,4,7
2021-04-30 00:07:01.030000,53493.0,53443.0,4,7
2021-04-30 00:07:01.142000,53494.2,53444.2,4,7
2021-04-30 00:07:01.193000,53504.4,53454.4,4,7
2021-04-30 00:07:01.243000,53493.1,53443.1,4,7
2021-04-30 00:07:01.350000,53493.7,53443.7,4,7
2021-04-30 00:07:01.457000,53494.2,53444.2,4,7
2021-04-30 00:07:01.560000,53493.7,53443.7,4,7
2021-04-30 00:07:01.690000,53507.0,53457.0,4,7
2021-04-30 00:07:01.972000,53493.1,53443.1,4,7
2021-04-30 00:07:02.176000,53493.7,53443.7,4,7
2021-04-30 00:07:02.277000,53507.0,53457.0,4,7
2021-04-30 00:07:02.383000,53493.1,53443.1,4,7
2021-04-30 00:07:02.486000,53507.5,53457.5,4,7
2021-04-30 00:07:02.587000,53493.7,53443.7,4,7
2021-04-30 00:07:02.691000,53505.5,53455.5,4,7
2021-04-30 00:07:02.948000,53507.6,53457.6,4,7
2021-04-30 00:07:02.998000,53496.3,53446.3,4,7
2021-04-30 00:07:03.209000,53496.9,53446.9,4,7
2021-04-30 00:07:03.417000,53497.2,53447.2,4,7
2021-04-30 00:07:03.900000,53498.7,53448.7,4,7
2021-04-30 00:07:04.211000,53506.8,53456.8,4,7
2021-04-30 00:07:04.312000,53505.8,53455.8,4,7
2021-04-30 00:07:04.561000,53503.5,53453.5,4,7
2021-04-30 00:07:05.046000,53505.3,53455.3,4,7
2021-04-30 00:07:05.196000,53497.2,53447.2,4,7
2021-04-30 00:07:05.611000,53498.7,53448.7,4,7
2021-04-30 00:07:05.816000,53499.3,53449.3,4,7
2021-04-30 00:07:05.956000,53498.7,53448.7,4,7
2021-04-30 00:07:06.247000,53498.8,53448.8,4,7
2021-04-30 00:07:06.298000,53498.8,53420.8,4,6
2021-04-30 00:07:06.554000,53498.7,53420.8,4,6
2021-04-30 00:07:06.655000,53499.0,53420.8,4,6
2021-04-30 00:07:07.431000,53499.2,53420.8,4,6
2021-04-30 00:07:07.583000,53499.0,53420.8,4,6
2021-04-30 00:07:07.784000,53499.7,53420.8,4,6
2021-04-30 00:07:07.884000,53500.4,53420.8,4,6
2021-04-30 00:07:08.116000,53504.4,53423.7,4,4
2021-04-30 00:07:08.216000,53505.9,53425.3,4,4
2021-04-30 00:07:08.454000,53506.0,53425.3,4,4
2021-04-30 00:07:08.605000,53504.4,53423.7,4,4
2021-04-30 00:07:08.744000,53504.4,53424.6,4,11
2021-04-30 00:07:08.903000,53505.9,53425.3,4,4
2021-04-30 00:07:09.107000,53506.0,53425.3,4,4
2021-04-30 00:07:09.157000,53506.0,53425.8,4,4
2021-04-30 00:07:09.258000,53505.9,53425.8,4,4
2021-04-30 00:07:09.309000,53506.8,53426.2,4,4
2021-04-30 00:07:09.409000,53506.0,53425.8,4,4
2021-04-30 00:07:09.611000,53506.1,53425.8,4,4
2021-04-30 00:07:09.761000,53506.0,53426.1,4,8
2021-04-30 00:07:09.862000,53506.1,53426.1,4,8
2021-04-30 00:07:10.056000,53505.9,53426.1,4,8
2021-04-30 00:07:10.207000,53506.1,53426.1,4,8
2021-04-30 00:07:10.320000,53505.9,53426.1,4,8
2021-04-30 00:07:10.562000,53505.0,53426.1,4,8
2021-04-30 00:07:10.712000,53505.9,53426.2,4,10
2021-04-30 00:07:10.813000,53503.2,53426.2,4,10
2021-04-30 00:07:10.951000,53503.2,53426.3,4,4
2021-04-30 00:07:11.053000,53503.0,53426.3,4,4
2021-04-30 00:07:11.165000,53503.0,53422.4,4,7
2021-04-30 00:07:11.402000,53505.0,53424.3,4,4
2021-04-30 00:07:11.502000,53509.8,53429.1,4,4
2021-04-30 00:07:11.606000,53509.6,53428.9,4,4
2021-04-30 00:07:11.758000,53509.7,53429.0,4,4
2021-04-30 00:07:12.030000,53509.6,53428.9,4,4
2021-04-30 00:07:12.492000,53508.1,53427.4,4,4
2021-04-30 00:07:12.873000,53509.0,53428.3,4,4
2021-04-30 00:07:12.985000,53508.6,53427.9,4,4
2021-04-30 00:07:13.496000,53509.0,53428.3,4,4
2021-04-30 00:07:13.962000,53508.9,53428.2,4,4
2021-04-30 00:07:14.066000,53509.0,53428.3,4,4
2021-04-30 00:07:14.734000,53508.9,53428.2,4,4
2021-04-30 00:07:15.214000,53507.3,53426.6,4,4
2021-04-30 00:07:15.321000,53498.8,53422.4,4,7
2021-04-30 00:07:16.178000,53501.1,53422.4,4,7
2021-04-30 00:07:16.336000,53499.0,53422.4,4,7
2021-04-30 00:07:16.649000,53499.0,53421.1,4,8
2021-04-30 00:07:17.260000,53498.9,53421.1,4,8
2021-04-30 00:07:18.657000,53498.9,53420.4,4,13
2021-04-30 00:07:19.524000,53499.0,53420.4,4,13
2021-04-30 00:07:20.997000,53497.4,53420.4,4,13
2021-04-30 00:07:21.110000,53497.5,53420.4,4,13
2021-04-30 00:07:21.250000,53497.5,53421.0,4,10
2021-04-30 00:07:23.863000,53503.7,53423.0,4,4
2021-04-30 00:07:24.173000,53503.8,53423.1,4,4
2021-04-30 00:07:24.376000,53503.4,53422.7,4,4
2021-04-30 00:07:24.691000,53501.5,53421.0,4,10
2021-04-30 00:07:25.149000,53501.5,53420.8,4,4
2021-04-30 00:07:25.924000,53501.4,53420.7,4,4
2021-04-30 00:07:26.401000,53501.2,53420.5,4,4
2021-04-30 00:07:28.559000,53493.8,53413.1,4,4
2021-04-30 00:07:30.202000,53491.1,53410.5,4,4
2021-04-30 00:07:31.623000,53491.2,53410.5,4,4
2021-04-30 00:07:31.755000,53491.2,53410.9,4,12
2021-04-30 00:07:32.115000,53491.1,53410.9,4,12
2021-04-30 00:07:32.165000,53491.1,53410.5,4,4
2021-04-30 00:07:32.266000,53491.2,53410.5,4,4
2021-04-30 00:07:32.456000,53491.1,53410.5,4,4
2021-04-30 00:07:32.966000,53491.1,53410.4,4,16
2021-04-30 00:07:33.067000,53490.3,53410.4,4,12
2021-04-30 00:07:33.283000,53490.0,53410.4,4,12
2021-04-30 00:07:33.384000,53489.1,53410.4,4,12
2021-04-30 00:07:33.455000,53489.3,53410.4,4,12
2021-04-30 00:07:33.613000,53489.1,53410.4,4,12
2021-04-30 00:07:33.664000,53489.1,53409.1,4,9
2021-04-30 00:07:34.146000,53489.1,53408.4,4,4
2021-04-30 00:07:34.196000,53489.8,53409.1,4,4
2021-04-30 00:07:34.402000,53489.9,53409.3,4,4
2021-04-30 00:07:34.506000,53489.1,53408.4,4,4
2021-04-30 00:07:34.607000,53489.8,53409.1,4,4
2021-04-30 00:07:35.682000,53491.6,53410.9,4,4
2021-04-30 00:07:35.883000,53491.7,53411.0,4,4
2021-04-30 00:07:36.034000,53489.0,53408.3,4,4
2021-04-30 00:07:36.184000,53490.6,53409.9,4,4
2021-04-30 00:07:36.335000,53489.0,53408.3,4,4
2021-04-30 00:07:38.906000,53487.4,53406.7,4,4
2021-04-30 00:07:39.296000,53486.3,53405.6,4,8
2021-04-30 00:07:39.718000,53483.5,53405.6,4,4
2021-04-30 00:07:39.882000,53482.3,53405.6,4,4
2021-04-30 00:07:40.117000,53483.5,53405.6,4,4
2021-04-30 00:07:40.222000,53483.6,53405.6,4,4
2021-04-30 00:07:40.444000,53482.2,53405.6,4,4
2021-04-30 00:07:40.545000,53479.1,53405.6,4,4
2021-04-30 00:07:40.714000,53478.7,53405.6,4,4
2021-04-30 00:07:40.815000,53478.0,53405.6,4,4
2021-04-30 00:07:40.966000,53476.6,53405.6,4,4
2021-04-30 00:07:41.016000,53477.1,53405.6,4,4
2021-04-30 00:07:41.117000,53472.1,53405.6,4,4
2021-04-30 00:07:41.167000,53472.1,53402.3,4,5
2021-04-30 00:07:41.217000,53471.9,53402.3,4,5
2021-04-30 00:07:41.406000,53466.5,53402.3,4,5
2021-04-30 00:07:41.509000,53463.9,53402.3,4,5
2021-04-30 00:07:41.661000,53463.9,53390.9,4,4
2021-04-30 00:07:41.711000,53462.5,53390.9,4,4
2021-04-30 00:07:41.866000,53461.4,53390.9,4,4
2021-04-30 00:07:42.060000,53457.8,53390.9,4,4
2021-04-30 00:07:42.196000,53455.9,53381.0,4,7
2021-04-30 00:07:42.257000,53463.8,53383.1,4,4
2021-04-30 00:07:42.361000,53464.0,53383.3,4,4
2021-04-30 00:07:42.515000,53456.4,53381.0,4,7
2021-04-30 00:07:42.618000,53455.3,53381.0,4,7
2021-04-30 00:07:42.668000,53455.3,53379.4,4,7
2021-04-30 00:07:42.769000,53456.8,53379.4,4,7
2021-04-30 00:07:42.869000,53458.5,53379.4,4,7
2021-04-30 00:07:42.919000,53455.2,53377.6,4,8
2021-04-30 00:07:43.020000,53463.8,53383.1,4,4
2021-04-30 00:07:43.170000,53463.7,53383.4,4,7
2021-04-30 00:07:43.432000,53463.7,53383.2,4,7
2021-04-30 00:07:44.168000,53473.1,53392.4,4,4
2021-04-30 00:07:44.272000,53473.7,53397.3,12,4
2021-04-30 00:07:44.377000,53472.8,53392.2,4,4
2021-04-30 00:07:44.482000,53473.7,53394.9,12,4
2021-04-30 00:07:44.605000,53472.8,53392.2,4,4
2021-04-30 00:07:44.755000,53472.7,53392.0,4,4
2021-04-30 00:07:44.856000,53472.0,53391.3,4,4
2021-04-30 00:07:44.973000,53467.0,53386.3,4,4
2021-04-30 00:07:45.089000,53472.0,53391.3,4,4
2021-04-30 00:07:45.190000,53457.7,53382.4,4,7
2021-04-30 00:07:45.709000,53457.7,53382.1,4,7
2021-04-30 00:07:46.116000,53457.7,53382.4,4,7
2021-04-30 00:07:46.501000,53457.7,53381.9,4,7
2021-04-30 00:07:46.721000,53457.7,53377.9,4,7
2021-04-30 00:07:47.016000,53459.6,53378.9,4,4
2021-04-30 00:07:47.117000,53460.7,53380.0,4,4
2021-04-30 00:07:48.300000,53455.0,53379.4,4,7
2021-04-30 00:07:48.403000,53455.3,53379.4,4,7
2021-04-30 00:07:48.504000,53454.5,53377.7,4,7
2021-04-30 00:07:48.610000,53455.3,53377.7,4,7
2021-04-30 00:07:48.713000,53455.0,53377.7,4,7
2021-04-30 00:07:48.946000,53455.3,53377.7,4,7
2021-04-30 00:07:49.050000,53455.4,53377.7,4,7
2021-04-30 00:07:49.156000,53455.1,53377.7,4,7
2021-04-30 00:07:49.373000,53451.9,53377.7,4,7
2021-04-30 00:07:50.529000,53451.8,53377.7,4,7
2021-04-30 00:07:50.659000,53447.7,53377.7,4,7
2021-04-30 00:07:50.916000,53451.9,53377.7,4,7
2021-04-30 00:07:51.169000,53452.0,53377.7,4,7
2021-04-30 00:07:51.270000,53452.8,53377.7,4,7
2021-04-30 00:07:51.847000,53453.4,53377.7,4,7
2021-04-30 00:07:52.551000,53453.4,53377.5,4,7
2021-04-30 00:07:52.818000,53453.4,53377.7,4,7
2021-04-30 00:07:54.932000,53453.4,53376.9,4,7
2021-04-30 00:07:55.219000,53453.4,53376.4,4,7
2021-04-30 00:07:56.276000,53450.2,53376.4,4,7
2021-04-30 00:07:56.426000,53450.1,53376.4,4,7
2021-04-30 00:07:56.653000,53448.1,53376.1,4,7
2021-04-30 00:07:56.883000,53448.1,53376.4,4,7
2021-04-30 00:07:56.984000,53450.1,53376.4,4,7
2021-04-30 00:07:57.169000,53448.1,53376.4,4,7
2021-04-30 00:07:58.101000,53443.9,53373.9,4,7
2021-04-30 00:07:58.202000,53441.0,53373.9,4,7
2021-04-30 00:07:58.604000,53440.9,53373.9,4,7
2021-04-30 00:08:00.246000,53440.0,53373.9,4,7
2021-04-30 00:08:00.450000,53437.2,53373.9,4,7
2021-04-30 00:08:00.804000,53437.2,53373.7,4,7
2021-04-30 00:08:01.057000,53437.2,53373.9,4,7
2021-04-30 00:08:01.318000,53437.2,53372.9,4,7
2021-04-30 00:08:01.731000,53437.2,53372.4,4,7
2021-04-30 00:08:01.932000,53437.2,53370.9,4,7
2021-04-30 00:08:02.341000,53437.2,53370.4,4,7
2021-04-30 00:08:02.561000,53437.2,53369.4,4,7
2021-04-30 00:08:02.853000,53437.2,53368.9,4,7
2021-04-30 00:08:03.062000,53436.6,53365.9,4,7
2021-04-30 00:08:03.165000,53425.4,53365.9,4,7
2021-04-30 00:08:03.351000,53425.4,53364.4,4,7
2021-04-30 00:08:03.714000,53425.4,53362.4,4,7
2021-04-30 00:08:04.683000,53425.1,53362.4,4,7
2021-04-30 00:08:05.198000,53418.8,53362.4,4,7
2021-04-30 00:08:05.301000,53415.6,53362.4,4,7
2021-04-30 00:08:05.404000,53413.9,53362.4,4,7
2021-04-30 00:08:05.508000,53413.7,53362.4,4,7
2021-04-30 00:08:05.660000,53413.9,53362.3,4,7
2021-04-30 00:08:05.814000,53413.9,53362.4,4,7
2021-04-30 00:08:05.916000,53413.7,53362.4,4,7
2021-04-30 00:08:06.229000,53410.9,53360.9,4,7
2021-04-30 00:08:06.329000,53413.1,53362.4,4,7
2021-04-30 00:08:06.436000,53412.5,53362.4,4,7
2021-04-30 00:08:06.588000,53412.5,53361.9,4,7
2021-04-30 00:08:06.847000,53408.9,53358.9,4,7
2021-04-30 00:08:06.949000,53411.7,53359.6,4,7
2021-04-30 00:08:07.058000,53411.7,53358.9,4,7
2021-04-30 00:08:07.159000,53411.6,53358.9,4,7
2021-04-30 00:08:07.309000,53411.6,53358.4,4,7
2021-04-30 00:08:07.410000,53407.6,53357.6,4,7
2021-04-30 00:08:07.547000,53407.9,53357.9,4,7
2021-04-30 00:08:07.659000,53406.0,53356.0,4,7
2021-04-30 00:08:07.818000,53406.9,53356.9,4,7
2021-04-30 00:08:08.057000,53406.0,53354.4,4,7
2021-04-30 00:08:10.533000,53406.0,53353.9,4,7
2021-04-30 00:08:10.741000,53406.0,53354.4,4,7
2021-04-30 00:08:10.983000,53410.4,53360.4,4,7
2021-04-30 00:08:11.084000,53406.5,53356.5,4,7
2021-04-30 00:08:11.185000,53406.0,53356.0,4,7
2021-04-30 00:08:11.285000,53407.9,53357.9,4,7
2021-04-30 00:08:11.406000,53405.2,53355.2,4,7
2021-04-30 00:08:11.510000,53403.4,53353.4,4,7
2021-04-30 00:08:11.718000,53403.2,53353.2,4,7
2021-04-30 00:08:11.768000,53403.9,53353.9,4,7
2021-04-30 00:08:12.575000,53399.2,53349.2,4,7
2021-04-30 00:08:12.816000,53402.4,53352.4,4,7
2021-04-30 00:08:13.031000,53401.9,53351.9,4,7
2021-04-30 00:08:13.326000,53401.4,53351.4,4,7
2021-04-30 00:08:14.044000,53399.7,53349.7,4,7
2021-04-30 00:08:14.146000,53402.9,53352.9,4,7
2021-04-30 00:08:14.380000,53401.2,53351.2,4,7
2021-04-30 00:08:14.804000,53400.3,53350.3,4,7
2021-04-30 00:08:14.912000,53401.7,53351.2,4,7
2021-04-30 00:08:15.018000,53402.2,53351.2,4,7
2021-04-30 00:08:15.120000,53402.3,53351.2,4,7
2021-04-30 00:08:15.384000,53403.0,53351.2,4,7
2021-04-30 00:08:15.488000,53401.0,53351.0,4,7
2021-04-30 00:08:15.638000,53402.3,53351.2,4,7
2021-04-30 00:08:15.801000,53401.9,53351.2,4,7
2021-04-30 00:08:15.910000,53401.6,53351.2,4,7
2021-04-30 00:08:16.014000,53400.0,53350.0,4,7
2021-04-30 00:08:16.128000,53402.1,53351.2,4,7
2021-04-30 00:08:16.609000,53400.3,53350.3,4,7
2021-04-30 00:08:16.713000,53399.2,53349.2,4,7
2021-04-30 00:08:16.818000,53389.7,53339.7,4,7
2021-04-30 00:08:16.921000,53389.4,53339.4,4,7
2021-04-30 00:08:16.971000,53400.9,53350.9,4,7
2021-04-30 00:08:17.143000,53388.0,53338.0,4,7
2021-04-30 00:08:17.193000,53397.9,53347.9,4,7
2021-04-30 00:08:17.266000,53387.5,53337.5,4,7
2021-04-30 00:08:17.434000,53397.4,53347.4,4,7
2021-04-30 00:08:17.485000,53386.1,53336.1,4,7
2021-04-30 00:08:17.699000,53396.9,53346.9,4,7
2021-04-30 00:08:17.905000,53386.6,53336.6,4,7
2021-04-30 00:08:18.005000,53386.1,53336.1,4,7
2021-04-30 00:08:18.217000,53386.4,53336.4,4,7
2021-04-30 00:08:18.439000,53384.8,53334.8,4,7
2021-04-30 00:08:18.557000,53386.4,53336.4,4,7
2021-04-30 00:08:18.707000,53384.9,53334.9,4,7
2021-04-30 00:08:19.555000,53384.4,53334.4,4,7
2021-04-30 00:08:20.233000,53384.3,53334.3,4,7
2021-04-30 00:08:20.955000,53383.8,53333.8,4,7
2021-04-30 00:08:21.208000,53383.3,53333.3,4,7
2021-04-30 00:08:21.414000,53382.5,53332.5,4,7
2021-04-30 00:08:21.910000,53384.3,53334.3,4,7
2021-04-30 00:08:22.012000,53384.2,53334.2,4,7
2021-04-30 00:08:22.114000,53383.0,53333.0,4,7
2021-04-30 00:08:22.234000,53382.5,53332.5,4,7
2021-04-30 00:08:22.421000,53396.3,53346.3,4,7
2021-04-30 00:08:22.631000,53394.4,53344.4,4,7
2021-04-30 00:08:26.487000,53394.3,53344.3,4,7
2021-04-30 00:08:27.580000,53381.7,53331.7,4,7
2021-04-30 00:08:27.681000,53382.2,53332.2,4,7
2021-04-30 00:08:28.301000,53393.9,53343.9,4,7
2021-04-30 00:08:28.566000,53392.4,53342.4,4,7
2021-04-30 00:08:29.220000,53382.2,53307.6,4,7
2021-04-30 00:08:29.731000,53382.2,53311.9,4,7
2021-04-30 00:08:29.949000,53382.2,53307.1,4,7
2021-04-30 00:08:30.207000,53382.2,53307.6,4,7
2021-04-30 00:08:30.448000,53382.2,53309.1,4,7
2021-04-30 00:08:31.704000,53381.7,53309.1,4,7
2021-04-30 00:08:32.439000,53382.2,53309.1,4,7
2021-04-30 00:08:32.860000,53384.7,53309.1,4,7
2021-04-30 00:08:33.419000,53385.1,53309.1,4,7
2021-04-30 00:08:33.519000,53385.1,53309.5,4,7
2021-04-30 00:08:33.699000,53385.9,53309.5,4,7
2021-04-30 00:08:33.759000,53385.9,53314.4,4,7
2021-04-30 00:08:33.912000,53386.1,53314.4,4,7
2021-04-30 00:08:34.017000,53385.9,53314.4,4,7
2021-04-30 00:08:34.122000,53386.0,53314.4,4,7
2021-04-30 00:08:34.323000,53385.5,53314.4,4,7
2021-04-30 00:08:34.631000,53385.6,53314.4,4,7
2021-04-30 00:08:34.732000,53385.5,53310.6,4,7
2021-04-30 00:08:34.838000,53379.3,53310.6,4,7
2021-04-30 00:08:34.946000,53383.9,53310.6,4,7
2021-04-30 00:08:35.149000,53380.8,53310.6,4,7
2021-04-30 00:08:35.304000,53381.4,53316.0,4,7
2021-04-30 00:08:35.511000,53380.8,53316.0,4,7
2021-04-30 00:08:35.906000,53381.4,53316.0,4,7
2021-04-30 00:08:36.008000,53386.3,53316.0,4,7
2021-04-30 00:08:36.158000,53386.3,53316.1,4,7
2021-04-30 00:08:36.208000,53385.8,53316.1,4,7
2021-04-30 00:08:36.316000,53390.2,53316.1,4,7
2021-04-30 00:08:36.729000,53383.0,53316.1,4,7
2021-04-30 00:08:36.831000,53382.5,53316.1,4,7
2021-04-30 00:08:37.049000,53382.3,53316.1,4,7
2021-04-30 00:08:37.202000,53388.4,53316.1,4,7
2021-04-30 00:08:37.406000,53388.5,53316.1,4,7
2021-04-30 00:08:37.509000,53389.0,53316.1,4,7
2021-04-30 00:08:37.714000,53389.9,53316.1,4,7
2021-04-30 00:08:37.814000,53390.6,53316.1,4,7
2021-04-30 00:08:38.040000,53391.3,53316.1,4,7
2021-04-30 00:08:38.210000,53388.3,53316.1,4,7
2021-04-30 00:08:38.311000,53387.8,53316.1,4,7
2021-04-30 00:08:38.412000,53387.3,53316.1,4,7
2021-04-30 00:08:38.562000,53387.1,53316.1,4,7
2021-04-30 00:08:38.663000,53388.6,53316.1,4,7
2021-04-30 00:08:38.757000,53390.6,53316.1,4,7
2021-04-30 00:08:38.980000,53388.7,53316.1,4,7
2021-04-30 00:08:39.122000,53387.0,53316.1,4,7
2021-04-30 00:08:39.223000,53385.2,53316.1,4,7
2021-04-30 00:08:39.324000,53385.6,53316.1,4,7
2021-04-30 00:08:39.425000,53385.8,53312.6,4,7
2021-04-30 00:08:39.525000,53385.0,53312.6,4,7
2021-04-30 00:08:39.626000,53385.3,53316.1,4,7
2021-04-30 00:08:39.727000,53385.6,53316.1,4,7
2021-04-30 00:08:39.828000,53385.8,53316.1,4,7
2021-04-30 00:08:39.928000,53390.2,53316.1,4,7
2021-04-30 00:08:40.030000,53392.6,53316.1,4,7
2021-04-30 00:08:40.135000,53392.1,53316.1,4,7
2021-04-30 00:08:40.905000,53391.4,53316.1,4,7
2021-04-30 00:08:41.062000,53391.2,53316.1,4,7
2021-04-30 00:08:41.227000,53389.4,53316.1,4,7
2021-04-30 00:08:41.333000,53389.7,53316.1,4,7
2021-04-30 00:08:41.540000,53389.9,53316.1,4,7
2021-04-30 00:08:41.699000,53389.7,53316.1,4,7
2021-04-30 00:08:41.800000,53389.4,53316.1,4,7
2021-04-30 00:08:42.006000,53390.0,53316.1,4,7
2021-04-30 00:08:42.108000,53393.5,53316.1,4,7
2021-04-30 00:08:42.337000,53391.4,53316.1,4,7
2021-04-30 00:08:42.902000,53393.5,53316.1,4,7
2021-04-30 00:08:43.106000,53391.4,53316.1,4,7
2021-04-30 00:08:43.211000,53393.7,53316.1,4,7
2021-04-30 00:08:44.238000,53391.7,53316.1,4,7
2021-04-30 00:08:45.303000,53391.9,53316.1,4,7
2021-04-30 00:08:45.699000,53391.7,53316.1,4,7
2021-04-30 00:08:45.886000,53391.9,53316.1,4,7
2021-04-30 00:08:46.247000,53391.7,53316.1,4,7
2021-04-30 00:08:47.813000,53392.1,53316.1,4,7
2021-04-30 00:08:47.914000,53391.8,53316.1,4,7
2021-04-30 00:08:48.017000,53392.1,53316.1,4,7
2021-04-30 00:08:48.130000,53391.8,53316.1,4,7
2021-04-30 00:08:48.356000,53392.1,53316.1,4,7
2021-04-30 00:08:48.460000,53391.8,53316.1,4,7
2021-04-30 00:08:48.647000,53391.8,53320.4,4,4
2021-04-30 00:08:49.004000,53392.1,53320.4,4,4
2021-04-30 00:08:49.106000,53391.8,53320.4,4,4
2021-04-30 00:08:49.309000,53392.1,53320.4,4,4
2021-04-30 00:08:49.654000,53391.8,53320.4,4,4
2021-04-30 00:08:49.962000,53389.1,53320.4,4,4
2021-04-30 00:08:50.067000,53389.4,53320.4,4,4
2021-04-30 00:08:50.218000,53385.2,53320.4,4,4
2021-04-30 00:08:50.322000,53383.2,53320.4,4,4
2021-04-30 00:08:50.378000,53385.4,53320.4,4,4
2021-04-30 00:08:51.052000,53387.0,53320.4,4,4
2021-04-30 00:08:51.156000,53387.0,53315.6,4,7
2021-04-30 00:08:51.207000,53387.2,53315.6,4,7
2021-04-30 00:08:51.307000,53387.2,53314.7,4,4
2021-04-30 00:08:52.119000,53387.2,53316.1,4,7
2021-04-30 00:08:52.220000,53387.7,53316.1,4,7
