2021-04-11 00:00:00.641000,59822.0,59738.3,9,7
2021-04-11 00:00:02.643000,59823.5,59738.3,10,7
2021-04-11 00:00:04.643000,59814.0,59738.3,2,7
2021-04-11 00:00:04.913000,59814.0,59738.8,2,7
2021-04-11 00:00:05.305000,59814.0,59738.3,2,7
2021-04-11 00:00:05.603000,59814.0,59743.0,2,7
2021-04-11 00:00:05.805000,59814.0,59743.5,2,7
2021-04-11 00:00:06.058000,59814.0,59744.0,2,7
2021-04-11 00:00:06.311000,59814.0,59744.5,2,7
2021-04-11 00:00:06.554000,59814.0,59746.4,2,7
2021-04-11 00:00:06.817000,59814.0,59746.5,2,7
2021-04-11 00:00:07.140000,59823.6,59746.5,9,7
2021-04-11 00:00:09.141000,59835.0,59746.5,8,7
2021-04-11 00:00:11.149000,59839.8,59746.5,3,7
2021-04-11 00:00:13.561000,59839.8,59748.1,3,7
2021-04-11 00:00:13.819000,59839.8,59749.5,3,7
2021-04-11 00:00:14.021000,59839.8,59751.1,3,7
2021-04-11 00:00:14.172000,59846.7,59751.1,13,7
2021-04-11 00:00:14.292000,59846.7,59752.8,13,7
2021-04-11 00:00:14.544000,59846.7,59754.5,13,7
2021-04-11 00:00:14.640000,59848.0,59754.5,8,7
2021-04-11 00:00:14.791000,59848.0,59755.0,8,7
2021-04-11 00:00:15.022000,59848.0,59758.0,8,7
2021-04-11 00:00:15.297000,59848.0,59758.2,8,7
2021-04-11 00:00:15.542000,59848.0,59758.5,8,7
2021-04-11 00:00:15.803000,59848.0,59759.0,8,7
2021-04-11 00:00:16.106000,59848.0,59759.5,8,7
2021-04-11 00:00:16.323000,59848.0,59759.0,8,7
2021-04-11 00:00:16.617000,59848.0,59759.5,8,7
2021-04-11 00:00:17.174000,59870.0,59773.9,11,8
2021-04-11 00:00:18.007000,59870.0,59783.3,11,7
2021-04-11 00:00:18.257000,59870.0,59784.3,11,7
2021-04-11 00:00:18.512000,59870.0,59783.8,11,7
2021-04-11 00:00:19.021000,59870.0,59783.9,11,7
2021-04-11 00:00:19.257000,59870.0,59785.5,11,7
2021-04-11 00:00:19.528000,59870.0,59785.6,11,7
2021-04-11 00:00:19.642000,59885.9,59789.9,3,6
2021-04-11 00:00:20.159000,59890.3,59794.2,7,7
2021-04-11 00:00:20.293000,59890.3,59794.4,7,7
2021-04-11 00:00:21.642000,59896.4,59800.3,10,13
2021-04-11 00:00:22.404000,59896.4,59808.6,10,7
2021-04-11 00:00:23.144000,59909.0,59812.9,11,2
2021-04-11 00:00:23.649000,59907.9,59811.8,9,7
2021-04-11 00:00:24.956000,59907.9,59811.9,9,7
2021-04-11 00:00:25.254000,59907.9,59811.8,9,7
2021-04-11 00:00:25.460000,59907.9,59812.8,9,7
2021-04-11 00:00:25.724000,59918.3,59822.2,10,14
2021-04-11 00:00:26.201000,59919.7,59823.7,10,4
2021-04-11 00:00:26.856000,59919.7,59824.7,10,7
2021-04-11 00:00:26.910000,59935.4,59824.7,9,7
2021-04-11 00:00:27.210000,59919.7,59824.7,10,7
2021-04-11 00:00:27.318000,59945.2,59834.5,9,7
2021-04-11 00:00:27.500000,59919.7,59834.5,10,7
2021-04-11 00:00:27.820000,59945.2,59834.5,9,7
2021-04-11 00:00:27.917000,59919.7,59834.5,10,7
2021-04-11 00:00:28.068000,59946.3,59835.6,9,7
2021-04-11 00:00:28.195000,59947.7,59837.0,9,7
2021-04-11 00:00:28.444000,59949.3,59838.6,9,7
2021-04-11 00:00:28.581000,59935.9,59839.8,10,3
2021-04-11 00:00:28.745000,59936.8,59840.7,10,7
2021-04-11 00:00:28.810000,59948.0,59837.3,9,7
2021-04-11 00:00:28.945000,59951.3,59840.6,9,7
2021-04-11 00:00:29.245000,59936.8,59840.7,10,7
2021-04-11 00:00:29.356000,59951.3,59840.6,9,7
2021-04-11 00:00:29.507000,59936.8,59840.7,10,7
2021-04-11 00:00:29.751000,59949.9,59839.2,9,7
2021-04-11 00:00:29.943000,59951.3,59840.6,9,7
2021-04-11 00:00:30.195000,59952.8,59842.2,9,7
2021-04-11 00:00:30.444000,59968.8,59858.1,9,7
2021-04-11 00:00:30.592000,59937.9,59858.1,11,7
2021-04-11 00:00:30.694000,59937.9,59856.5,11,7
2021-04-11 00:00:30.944000,59969.4,59858.7,9,7
2021-04-11 00:00:31.193000,59967.8,59857.1,9,7
2021-04-11 00:00:31.444000,59968.3,59857.6,9,7
2021-04-11 00:00:31.603000,59948.0,59857.6,10,7
2021-04-11 00:00:31.704000,59948.0,59858.9,10,7
2021-04-11 00:00:31.821000,59969.6,59858.9,9,7
2021-04-11 00:00:32.704000,59948.4,59858.9,8,7
2021-04-11 00:00:32.814000,59969.6,59858.9,9,7
2021-04-11 00:00:32.864000,59973.2,59862.6,9,7
2021-04-11 00:00:33.099000,59980.3,59869.6,9,7
2021-04-11 00:00:33.349000,59986.8,59876.1,9,7
2021-04-11 00:00:33.498000,59948.4,59876.1,8,7
2021-04-11 00:00:33.848000,59948.4,59878.1,8,7
2021-04-11 00:00:34.126000,59948.4,59878.6,8,7
2021-04-11 00:00:34.358000,59948.4,59881.0,8,7
2021-04-11 00:00:34.630000,59948.4,59879.4,8,7
2021-04-11 00:00:34.849000,59948.4,59882.6,8,7
2021-04-11 00:00:35.135000,59948.4,59888.6,8,7
2021-04-11 00:00:35.351000,59948.4,59888.7,8,7
2021-04-11 00:00:35.630000,59948.4,59885.9,8,7
2021-04-11 00:00:35.849000,59948.4,59885.7,8,7
2021-04-11 00:00:36.747000,59948.4,59874.5,8,7
2021-04-11 00:00:37.000000,59948.4,59885.7,8,7
2021-04-11 00:00:37.258000,59948.4,59871.4,8,7
2021-04-11 00:00:37.503000,59948.4,59887.2,8,7
2021-04-11 00:00:38.478000,59948.4,59884.7,8,7
2021-04-11 00:00:38.762000,59948.4,59883.2,8,7
2021-04-11 00:00:39.672000,59948.4,59883.7,8,7
2021-04-11 00:00:39.975000,59948.4,59883.2,8,7
2021-04-11 00:00:40.185000,59948.4,59885.2,8,7
2021-04-11 00:00:40.786000,59948.4,59885.7,8,7
2021-04-11 00:00:40.997000,59948.4,59886.7,8,7
2021-04-11 00:00:41.140000,59996.0,59899.9,4,4
2021-04-11 00:00:42.640000,59998.1,59902.0,7,7
2021-04-11 00:00:44.004000,59998.1,59902.2,7,7
2021-04-11 00:00:44.411000,59998.1,59902.0,7,7
2021-04-11 00:00:44.625000,59998.1,59910.0,7,7
2021-04-11 00:00:45.323000,59998.1,59909.7,7,7
2021-04-11 00:00:46.277000,59998.1,59910.0,7,7
2021-04-11 00:00:46.573000,59998.1,59909.6,7,7
2021-04-11 00:00:47.745000,59998.1,59909.2,7,7
2021-04-11 00:00:49.361000,59998.1,59909.6,7,7
2021-04-11 00:00:49.765000,59998.1,59909.2,7,7
2021-04-11 00:00:49.985000,59998.1,59902.2,7,7
2021-04-11 00:00:50.152000,60012.8,59919.1,7,5
2021-04-11 00:00:50.285000,60005.3,59919.1,7,5
2021-04-11 00:00:50.532000,60006.3,59919.1,7,5
2021-04-11 00:00:50.642000,60006.3,59917.8,7,5
2021-04-11 00:00:51.145000,60005.2,59909.1,12,13
2021-04-11 00:00:52.149000,60007.3,59914.4,7,12
2021-04-11 00:00:52.199000,60008.3,59914.4,7,12
2021-04-11 00:00:52.463000,60008.5,59914.4,7,12
2021-04-11 00:00:52.699000,60009.3,59914.4,7,12
2021-04-11 00:00:52.915000,60010.3,59914.4,7,12
2021-04-11 00:00:53.152000,60010.3,59919.1,7,4
2021-04-11 00:00:53.202000,60010.8,59919.1,7,4
2021-04-11 00:00:53.503000,60009.8,59919.1,7,4
2021-04-11 00:00:53.783000,60009.3,59919.1,7,4
2021-04-11 00:00:54.002000,60008.8,59919.1,7,4
2021-04-11 00:00:54.232000,60014.8,59919.1,7,4
2021-04-11 00:00:54.853000,60015.2,59919.1,4,4
2021-04-11 00:00:58.647000,60021.5,59942.6,7,8
2021-04-11 00:00:58.748000,60023.8,59942.6,7,8
2021-04-11 00:00:59.296000,60032.3,59942.6,7,8
2021-04-11 00:00:59.701000,60032.6,59942.6,7,8
2021-04-11 00:00:59.933000,60032.8,59942.6,7,8
2021-04-11 00:01:00.308000,60033.8,59942.6,7,8
2021-04-11 00:01:00.615000,60032.8,59942.6,7,8
2021-04-11 00:01:00.863000,60034.8,59942.6,7,8
2021-04-11 00:01:01.218000,60032.6,59942.6,7,8
2021-04-11 00:01:01.446000,60032.3,59942.6,7,8
2021-04-11 00:01:01.706000,60032.6,59942.6,7,8
2021-04-11 00:01:01.948000,60032.8,59942.6,7,8
2021-04-11 00:01:02.230000,60033.0,59942.6,7,8
2021-04-11 00:01:02.447000,60032.8,59942.6,7,8
2021-04-11 00:01:02.745000,60034.3,59942.6,7,8
2021-04-11 00:01:03.076000,60034.8,59942.6,7,8
2021-04-11 00:01:03.443000,60034.9,59942.6,7,8
2021-04-11 00:01:03.701000,60034.8,59942.6,7,8
2021-04-11 00:01:04.254000,60033.1,59942.6,7,8
2021-04-11 00:01:04.861000,60032.3,59942.6,7,8
2021-04-11 00:01:05.467000,60032.8,59942.6,7,8
2021-04-11 00:01:05.717000,60033.3,59942.6,7,8
2021-04-11 00:01:05.973000,60033.8,59942.6,7,8
2021-04-11 00:01:06.217000,60033.3,59942.6,7,8
2021-04-11 00:01:06.478000,60032.3,59942.6,7,8
2021-04-11 00:01:06.717000,60032.8,59942.6,7,8
2021-04-11 00:01:06.985000,60033.3,59942.6,7,8
2021-04-11 00:01:07.219000,60033.5,59942.6,7,8
2021-04-11 00:01:07.490000,60033.8,59942.6,7,8
2021-04-11 00:01:07.645000,60033.8,59967.0,7,5
2021-04-11 00:01:07.770000,60032.8,59967.0,7,5
2021-04-11 00:01:09.296000,60031.8,59967.0,7,5
2021-04-11 00:01:09.528000,60020.7,59967.0,7,5
2021-04-11 00:01:10.141000,60020.7,59927.1,7,6
2021-04-11 00:01:10.595000,60018.8,59927.1,7,6
2021-04-11 00:01:10.832000,60002.8,59927.1,7,6
2021-04-11 00:01:11.100000,60003.3,59927.1,7,6
2021-04-11 00:01:11.332000,60004.3,59927.1,7,6
2021-04-11 00:01:11.604000,60005.5,59927.1,7,6
2021-04-11 00:01:11.832000,60005.7,59927.1,7,6
2021-04-11 00:01:12.110000,60005.8,59927.1,7,6
2021-04-11 00:01:12.216000,60003.8,59907.7,4,12
2021-04-11 00:01:13.152000,60005.4,59909.3,10,11
2021-04-11 00:01:14.105000,60003.7,59909.3,7,11
2021-04-11 00:01:14.256000,59983.7,59893.0,13,7
2021-04-11 00:01:14.330000,59983.7,59891.7,13,7
2021-04-11 00:01:14.628000,59983.7,59895.2,13,7
2021-04-11 00:01:16.142000,59998.4,59902.3,10,10
2021-04-11 00:01:16.641000,60002.9,59906.8,8,9
2021-04-11 00:01:17.142000,60009.3,59916.3,7,10
2021-04-11 00:01:17.293000,60008.8,59916.3,7,10
2021-04-11 00:01:17.547000,60005.8,59916.3,7,10
2021-04-11 00:01:17.641000,60004.5,59908.5,14,11
2021-04-11 00:01:18.141000,59987.9,59895.2,3,7
2021-04-11 00:01:20.642000,59984.7,59895.2,7,7
2021-04-11 00:01:20.996000,59984.7,59888.6,7,7
2021-04-11 00:01:22.641000,59961.1,59886.2,6,7
2021-04-11 00:01:24.639000,59962.0,59886.2,4,7
2021-04-11 00:01:24.732000,59962.0,59875.7,4,7
2021-04-11 00:01:25.231000,59962.0,59875.2,4,7
2021-04-11 00:01:25.520000,59962.0,59879.2,4,7
2021-04-11 00:01:25.732000,59962.0,59875.2,4,7
2021-04-11 00:01:26.639000,59948.0,59875.2,4,7
2021-04-11 00:01:27.639000,59947.3,59875.2,3,7
2021-04-11 00:01:27.690000,59947.3,59867.7,3,7
2021-04-11 00:01:27.897000,59947.3,59855.7,3,7
2021-04-11 00:01:28.149000,59940.7,59852.6,12,7
2021-04-11 00:01:28.441000,59940.7,59847.7,12,7
2021-04-11 00:01:28.644000,59927.2,59847.7,7,7
2021-04-11 00:01:28.695000,59927.2,59847.4,7,7
2021-04-11 00:01:28.895000,59927.2,59846.6,7,7
2021-04-11 00:01:29.144000,59914.5,59846.6,6,7
2021-04-11 00:01:29.195000,59914.5,59845.0,6,7
2021-04-11 00:01:29.495000,59914.5,59844.9,6,7
2021-04-11 00:01:30.653000,59914.5,59842.6,6,7
2021-04-11 00:01:30.915000,59914.5,59836.2,6,7
2021-04-11 00:01:31.141000,59898.2,59836.2,14,7
2021-04-11 00:01:31.293000,59898.2,59830.9,14,7
2021-04-11 00:01:31.641000,59893.0,59830.9,3,7
2021-04-11 00:01:33.144000,59887.2,59830.9,13,7
2021-04-11 00:01:33.849000,59887.2,59824.5,13,7
2021-04-11 00:01:34.103000,59887.2,59823.0,13,7
2021-04-11 00:01:34.380000,59887.2,59822.9,13,7
2021-04-11 00:01:34.608000,59887.2,59820.0,13,7
2021-04-11 00:01:34.849000,59887.2,59819.5,13,7
2021-04-11 00:01:35.139000,59882.4,59819.5,2,7
2021-04-11 00:01:35.547000,59882.4,59817.5,2,7
2021-04-11 00:01:35.801000,59882.4,59818.6,2,7
2021-04-11 00:01:36.312000,59882.4,59815.7,2,7
2021-04-11 00:01:36.547000,59882.4,59815.6,2,7
2021-04-11 00:01:36.858000,59882.4,59816.8,2,7
2021-04-11 00:01:37.068000,59882.4,59815.9,2,7
2021-04-11 00:01:37.169000,59890.3,59815.9,9,7
2021-04-11 00:01:37.680000,59890.4,59815.9,5,7
2021-04-11 00:01:39.139000,59888.9,59815.9,7,7
2021-04-11 00:01:41.666000,59882.4,59815.9,4,7
2021-04-11 00:01:43.011000,59882.4,59816.5,4,7
2021-04-11 00:01:43.342000,59882.4,59815.9,4,7
2021-04-11 00:01:43.814000,59882.4,59816.5,4,7
2021-04-11 00:01:44.754000,59882.4,59815.9,4,7
2021-04-11 00:01:45.282000,59882.4,59816.5,4,7
2021-04-11 00:01:45.535000,59882.4,59815.9,4,7
2021-04-11 00:01:46.851000,59882.4,59816.5,4,7
2021-04-11 00:01:47.199000,59882.4,59812.5,4,7
2021-04-11 00:01:47.456000,59882.4,59808.9,4,7
2021-04-11 00:01:47.701000,59882.4,59812.5,4,7
2021-04-11 00:01:48.294000,59882.4,59807.9,4,7
2021-04-11 00:01:48.567000,59882.4,59806.4,4,7
2021-04-11 00:01:48.773000,59882.4,59806.9,4,7
2021-04-11 00:01:49.072000,59882.4,59813.9,4,7
2021-04-11 00:01:49.295000,59882.4,59808.9,4,7
2021-04-11 00:01:49.566000,59882.4,59810.4,4,7
2021-04-11 00:01:49.679000,59884.1,59810.4,4,7
2021-04-11 00:01:49.795000,59884.1,59813.4,4,7
2021-04-11 00:01:50.094000,59884.1,59814.4,4,7
2021-04-11 00:01:50.300000,59884.1,59815.4,4,7
2021-04-11 00:01:50.555000,59884.1,59816.4,4,7
2021-04-11 00:01:50.805000,59884.1,59816.8,4,7
2021-04-11 00:01:51.110000,59884.1,59816.6,4,7
2021-04-11 00:01:51.161000,59887.1,59816.6,7,7
2021-04-11 00:01:51.340000,59886.7,59816.6,7,7
2021-04-11 00:01:51.695000,59886.7,59816.8,7,7
2021-04-11 00:01:52.143000,59906.4,59816.8,10,7
2021-04-11 00:01:52.917000,59906.4,59816.6,10,7
2021-04-11 00:01:53.143000,59902.4,59816.6,8,7
2021-04-11 00:01:53.698000,59902.4,59816.8,8,7
2021-04-11 00:01:54.186000,59899.8,59816.8,10,7
2021-04-11 00:01:54.999000,59899.8,59816.6,10,7
2021-04-11 00:01:55.226000,59899.8,59816.4,10,7
2021-04-11 00:01:56.166000,59889.7,59816.4,12,7
2021-04-11 00:01:57.402000,59889.7,59813.4,12,7
2021-04-11 00:01:57.614000,59889.7,59813.9,12,7
2021-04-11 00:01:57.907000,59889.7,59814.4,12,7
2021-04-11 00:01:58.159000,59892.7,59814.4,9,7
2021-04-11 00:01:58.527000,59892.7,59814.9,9,7
2021-04-11 00:01:58.730000,59892.7,59814.4,9,7
2021-04-11 00:01:59.517000,59892.7,59813.9,9,7
2021-04-11 00:02:00.175000,59893.9,59813.9,8,7
2021-04-11 00:02:00.400000,59893.9,59814.9,8,7
2021-04-11 00:02:02.645000,59894.1,59814.9,10,7
2021-04-11 00:02:03.451000,59894.1,59813.9,10,7
2021-04-11 00:02:03.703000,59894.1,59812.9,10,7
2021-04-11 00:02:04.642000,59891.9,59812.9,9,7
2021-04-11 00:02:06.069000,59891.9,59811.9,9,7
2021-04-11 00:02:06.313000,59891.9,59810.9,9,7
2021-04-11 00:02:06.522000,59891.9,59809.9,9,7
2021-04-11 00:02:06.640000,59882.4,59809.9,6,7
2021-04-11 00:02:06.791000,59882.4,59809.4,6,7
2021-04-11 00:02:07.059000,59882.4,59808.9,6,7
2021-04-11 00:02:07.389000,59882.4,59807.9,6,7
2021-04-11 00:02:07.635000,59882.4,59805.4,6,7
2021-04-11 00:02:07.907000,59882.4,59805.9,6,7
2021-04-11 00:02:08.136000,59882.4,59806.4,6,7
2021-04-11 00:02:08.430000,59882.4,59806.9,6,7
2021-04-11 00:02:08.643000,59885.4,59806.9,8,7
2021-04-11 00:02:08.795000,59885.4,59805.4,8,7
2021-04-11 00:02:09.298000,59885.4,59807.9,8,7
2021-04-11 00:02:09.543000,59885.4,59805.4,8,7
2021-04-11 00:02:10.206000,59885.4,59804.9,8,7
2021-04-11 00:02:10.431000,59885.4,59807.9,8,7
2021-04-11 00:02:10.690000,59882.6,59807.9,3,7
2021-04-11 00:02:11.404000,59882.6,59803.9,3,7
2021-04-11 00:02:11.681000,59882.4,59801.9,4,7
2021-04-11 00:02:11.903000,59882.4,59802.9,4,7
2021-04-11 00:02:12.405000,59882.4,59801.9,4,7
2021-04-11 00:02:12.721000,59882.4,59799.7,4,7
2021-04-11 00:02:13.143000,59868.9,59799.7,9,7
2021-04-11 00:02:13.344000,59868.9,59795.7,9,7
2021-04-11 00:02:14.919000,59868.9,59798.4,9,7
2021-04-11 00:02:16.023000,59868.9,59796.7,9,7
2021-04-11 00:02:16.303000,59868.9,59798.4,9,7
2021-04-11 00:02:16.525000,59868.9,59791.1,9,7
2021-04-11 00:02:16.757000,59868.9,59786.9,9,7
2021-04-11 00:02:17.030000,59868.9,59785.6,9,7
2021-04-11 00:02:18.060000,59868.9,59786.1,9,7
2021-04-11 00:02:18.463000,59868.9,59784.6,9,7
2021-04-11 00:02:18.747000,59868.9,59784.4,9,7
2021-04-11 00:02:19.051000,59868.9,59777.2,9,7
2021-04-11 00:02:19.151000,59851.1,59777.2,8,7
2021-04-11 00:02:19.272000,59851.1,59778.9,8,7
2021-04-11 00:02:19.505000,59851.1,59776.6,8,7
2021-04-11 00:02:19.795000,59851.1,59770.7,8,7
2021-04-11 00:02:20.263000,59851.1,59768.3,8,7
2021-04-11 00:02:20.507000,59851.1,59767.2,8,7
2021-04-11 00:02:20.639000,59848.5,59767.2,10,7
2021-04-11 00:02:21.144000,59846.5,59767.2,3,7
2021-04-11 00:02:21.642000,59844.8,59767.2,9,7
2021-04-11 00:02:21.743000,59844.8,59767.5,9,7
2021-04-11 00:02:22.141000,59844.9,59767.5,8,7
2021-04-11 00:02:22.573000,59844.9,59762.8,8,7
2021-04-11 00:02:22.640000,59835.0,59762.8,14,7
2021-04-11 00:02:22.992000,59835.0,59761.3,14,7
2021-04-11 00:02:23.143000,59833.5,59761.3,10,7
2021-04-11 00:02:23.244000,59833.5,59754.0,10,7
2021-04-11 00:02:23.492000,59833.5,59753.7,10,7
2021-04-11 00:02:23.644000,59826.0,59753.7,8,7
2021-04-11 00:02:24.139000,59825.3,59753.7,10,7
2021-04-11 00:02:24.603000,59825.3,59753.5,10,7
2021-04-11 00:02:24.654000,59825.7,59753.5,12,7
2021-04-11 00:02:25.098000,59825.7,59758.9,12,7
2021-04-11 00:02:25.323000,59825.7,59754.5,12,7
2021-04-11 00:02:25.640000,59828.2,59754.5,10,7
2021-04-11 00:02:26.139000,59829.0,59754.5,2,7
2021-04-11 00:02:26.640000,59830.4,59754.5,7,7
2021-04-11 00:02:27.194000,59830.5,59754.5,12,7
2021-04-11 00:02:27.644000,59830.4,59754.5,7,7
2021-04-11 00:02:28.102000,59830.4,59758.0,7,7
2021-04-11 00:02:28.644000,59834.1,59758.0,10,7
2021-04-11 00:02:29.173000,59830.5,59758.0,4,7
2021-04-11 00:02:29.641000,59851.8,59758.0,5,7
2021-04-11 00:02:30.029000,59851.8,59768.3,5,7
2021-04-11 00:02:30.180000,59851.7,59768.3,8,7
2021-04-11 00:02:30.292000,59851.7,59784.3,8,7
2021-04-11 00:02:30.544000,59851.7,59784.5,8,7
2021-04-11 00:02:30.645000,59860.2,59784.5,10,7
2021-04-11 00:02:30.842000,59860.2,59784.3,10,7
2021-04-11 00:02:31.342000,59860.2,59784.2,10,7
2021-04-11 00:02:31.601000,59860.2,59779.8,10,7
2021-04-11 00:02:31.651000,59854.3,59779.8,4,7
2021-04-11 00:02:31.842000,59854.3,59776.8,4,7
2021-04-11 00:02:32.095000,59854.3,59775.8,4,7
2021-04-11 00:02:32.341000,59854.3,59776.3,4,7
2021-04-11 00:02:32.600000,59854.3,59776.8,4,7
2021-04-11 00:02:32.852000,59854.3,59778.8,4,7
2021-04-11 00:02:33.105000,59854.3,59779.8,4,7
2021-04-11 00:02:33.341000,59854.3,59780.3,4,7
2021-04-11 00:02:33.610000,59854.3,59781.3,4,7
2021-04-11 00:02:34.316000,59854.3,59781.8,4,7
2021-04-11 00:02:35.025000,59854.3,59782.3,4,7
2021-04-11 00:02:35.176000,59855.0,59782.3,10,7
2021-04-11 00:02:35.232000,59855.0,59782.8,10,7
2021-04-11 00:02:35.498000,59855.0,59783.3,10,7
2021-04-11 00:02:35.826000,59855.0,59783.6,10,7
2021-04-11 00:02:36.034000,59855.0,59783.8,10,7
2021-04-11 00:02:36.307000,59855.0,59784.3,10,7
2021-04-11 00:02:36.609000,59855.0,59784.5,10,7
2021-04-11 00:02:37.821000,59855.0,59784.3,10,7
2021-04-11 00:02:38.087000,59855.0,59780.3,10,7
2021-04-11 00:02:38.143000,59861.8,59780.3,13,7
2021-04-11 00:02:40.015000,59861.8,59781.3,13,7
2021-04-11 00:02:40.166000,59864.4,59781.3,6,7
2021-04-11 00:02:40.220000,59864.4,59784.3,6,7
2021-04-11 00:02:40.494000,59864.4,59785.4,6,7
2021-04-11 00:02:41.639000,59882.7,59786.6,3,7
2021-04-11 00:02:42.050000,59882.7,59786.8,3,7
2021-04-11 00:02:42.141000,59882.9,59786.8,11,21
2021-04-11 00:02:42.380000,59882.8,59786.8,5,16
2021-04-11 00:02:42.590000,59882.8,59787.2,5,7
2021-04-11 00:02:42.691000,59882.5,59787.2,4,7
2021-04-11 00:02:42.843000,59882.3,59787.2,8,7
2021-04-11 00:02:42.993000,59882.3,59787.8,8,7
2021-04-11 00:02:43.141000,59880.3,59787.8,13,7
2021-04-11 00:02:43.993000,59880.3,59787.3,13,7
2021-04-11 00:02:44.498000,59880.3,59787.8,13,7
2021-04-11 00:02:44.741000,59880.3,59788.1,13,7
2021-04-11 00:02:44.949000,59880.3,59792.3,13,7
2021-04-11 00:02:45.204000,59880.3,59792.8,13,7
2021-04-11 00:02:45.448000,59880.3,59796.3,13,7
2021-04-11 00:02:45.680000,59884.6,59796.3,3,7
2021-04-11 00:02:45.793000,59884.6,59797.7,3,7
2021-04-11 00:02:46.045000,59884.6,59800.4,3,7
2021-04-11 00:02:46.299000,59884.6,59801.1,3,7
2021-04-11 00:02:46.529000,59884.6,59801.3,3,7
2021-04-11 00:02:46.680000,59886.1,59801.3,7,7
2021-04-11 00:02:47.143000,59904.1,59808.0,6,4
2021-04-11 00:02:49.142000,59914.2,59818.2,10,8
2021-04-11 00:02:49.243000,59914.3,59818.3,11,8
2021-04-11 00:02:50.162000,59913.8,59817.7,4,9
2021-04-11 00:02:50.647000,59914.3,59818.3,7,5
2021-04-11 00:02:51.011000,59914.3,59819.8,7,7
2021-04-11 00:02:51.144000,59920.3,59824.3,2,5
2021-04-11 00:02:51.647000,59930.4,59840.3,7,5
2021-04-11 00:02:52.127000,59933.9,59840.3,7,5
2021-04-11 00:02:52.232000,59933.9,59839.9,7,8
2021-04-11 00:02:52.395000,59931.9,59839.9,7,8
2021-04-11 00:02:52.647000,59932.4,59836.7,7,7
2021-04-11 00:02:52.744000,59932.4,59836.9,7,12
2021-04-11 00:02:52.895000,59933.0,59836.9,23,12
2021-04-11 00:02:53.175000,59933.9,59841.0,7,10
2021-04-11 00:02:53.391000,59937.1,59841.0,5,13
2021-04-11 00:02:53.693000,59937.3,59841.2,13,1
2021-04-11 00:02:53.840000,59937.3,59841.3,4,1
2021-04-11 00:02:54.143000,59937.0,59840.9,7,4
2021-04-11 00:02:54.264000,59936.7,59840.6,10,11
2021-04-11 00:02:54.495000,59935.4,59840.6,7,11
2021-04-11 00:02:54.643000,59934.5,59838.4,6,8
2021-04-11 00:02:54.840000,59934.5,59838.5,13,10
2021-04-11 00:02:55.144000,59933.1,59837.0,10,7
2021-04-11 00:02:55.255000,59933.1,59837.1,3,7
2021-04-11 00:02:55.640000,59932.9,59836.8,3,4
2021-04-11 00:02:55.741000,59932.4,59836.3,3,4
2021-04-11 00:02:55.943000,59931.8,59835.7,8,10
2021-04-11 00:02:56.143000,59936.0,59863.3,7,6
2021-04-11 00:02:56.296000,59937.9,59863.3,7,6
2021-04-11 00:02:56.576000,59940.4,59863.3,7,6
2021-04-11 00:02:56.644000,59940.4,59867.7,7,9
2021-04-11 00:02:56.789000,59940.9,59867.7,7,9
2021-04-11 00:02:57.034000,59941.9,59867.7,7,9
2021-04-11 00:02:57.295000,59942.2,59867.7,7,9
2021-04-11 00:02:57.566000,59942.5,59867.7,7,9
2021-04-11 00:02:57.816000,59942.4,59867.7,7,9
2021-04-11 00:02:58.137000,59941.9,59867.7,7,9
2021-04-11 00:02:58.417000,59942.4,59867.7,7,9
2021-04-11 00:02:59.933000,59941.4,59867.7,7,9
2021-04-11 00:03:00.841000,59934.4,59867.7,7,9
2021-04-11 00:03:01.067000,59934.9,59867.7,7,9
2021-04-11 00:03:01.168000,59934.9,59857.9,7,6
2021-04-11 00:03:01.344000,59935.4,59857.9,7,6
2021-04-11 00:03:01.598000,59939.9,59857.9,7,6
2021-04-11 00:03:01.856000,59936.4,59857.9,7,6
2021-04-11 00:03:02.244000,59939.4,59857.9,7,6
2021-04-11 00:03:02.858000,59936.9,59857.9,7,6
2021-04-11 00:03:03.111000,59939.4,59857.9,7,6
2021-04-11 00:03:03.348000,59937.4,59857.9,7,6
2021-04-11 00:03:03.662000,59931.2,59857.9,7,6
2021-04-11 00:03:03.763000,59931.2,59859.4,7,4
2021-04-11 00:03:03.997000,59930.4,59859.4,7,4
2021-04-11 00:03:04.211000,59931.4,59859.4,7,4
2021-04-11 00:03:04.503000,59928.9,59859.4,7,4
2021-04-11 00:03:05.143000,59928.9,59855.0,7,9
2021-04-11 00:03:05.243000,59929.4,59855.0,7,9
2021-04-11 00:03:05.641000,59929.4,59853.1,7,14
2021-04-11 00:03:05.994000,59929.9,59853.1,7,14
2021-04-11 00:03:06.230000,59929.4,59853.1,7,14
2021-04-11 00:03:07.542000,59929.9,59853.1,7,14
2021-04-11 00:03:07.643000,59929.9,59860.5,7,14
2021-04-11 00:03:07.834000,59929.4,59860.5,7,14
2021-04-11 00:03:08.094000,59932.9,59860.5,7,14
2021-04-11 00:03:08.144000,59932.9,59862.3,7,8
2021-04-11 00:03:08.342000,59933.1,59862.3,7,8
2021-04-11 00:03:08.663000,59932.9,59863.3,7,6
2021-04-11 00:03:08.891000,59932.4,59863.3,7,6
2021-04-11 00:03:09.398000,59922.6,59863.3,7,6
2021-04-11 00:03:09.653000,59922.6,59846.6,7,3
2021-04-11 00:03:09.834000,59921.9,59846.6,7,3
2021-04-11 00:03:10.097000,59914.9,59846.6,7,3
2021-04-11 00:03:10.147000,59914.9,59836.5,7,13
2021-04-11 00:03:10.343000,59914.4,59836.5,7,13
2021-04-11 00:03:10.646000,59914.4,59825.7,7,6
2021-04-11 00:03:11.140000,59914.4,59821.6,7,4
2021-04-11 00:03:11.644000,59914.4,59820.6,7,6
2021-04-11 00:03:11.737000,59916.7,59820.6,8,6
2021-04-11 00:03:12.135000,59914.4,59820.6,7,6
2021-04-11 00:03:12.398000,59916.7,59820.6,8,6
2021-04-11 00:03:13.658000,59914.4,59819.1,7,6
2021-04-11 00:03:14.142000,59898.9,59803.8,4,7
2021-04-11 00:03:14.645000,59898.8,59803.8,10,7
2021-04-11 00:03:15.140000,59897.2,59803.8,12,7
2021-04-11 00:03:15.643000,59896.9,59803.8,7,7
2021-04-11 00:03:16.141000,59902.6,59806.5,4,10
2021-04-11 00:03:16.711000,59902.6,59807.3,4,7
2021-04-11 00:03:17.003000,59902.6,59806.5,4,10
2021-04-11 00:03:17.143000,59912.8,59816.7,10,7
2021-04-11 00:03:17.642000,59915.0,59818.9,7,5
2021-04-11 00:03:18.421000,59914.4,59818.9,7,5
2021-04-11 00:03:19.516000,59913.9,59818.9,7,5
2021-04-11 00:03:19.640000,59908.9,59812.8,6,12
2021-04-11 00:03:19.791000,59904.9,59812.8,7,12
2021-04-11 00:03:20.144000,59888.3,59794.3,9,7
2021-04-11 00:03:20.244000,59887.1,59794.3,4,7
2021-04-11 00:03:20.624000,59887.1,59791.1,6,4
2021-04-11 00:03:20.675000,59886.9,59790.8,5,4
2021-04-11 00:03:21.141000,59877.0,59784.3,8,7
2021-04-11 00:03:22.140000,59873.0,59784.3,9,7
2021-04-11 00:03:22.594000,59873.0,59784.8,9,7
2021-04-11 00:03:22.644000,59873.4,59784.8,8,7
2021-04-11 00:03:23.644000,59873.3,59784.8,5,7
2021-04-11 00:03:24.175000,59873.4,59784.8,6,7
2021-04-11 00:03:24.700000,59873.4,59784.3,6,7
2021-04-11 00:03:25.166000,59873.3,59784.3,4,7
2021-04-11 00:03:26.320000,59873.3,59782.8,4,7
2021-04-11 00:03:26.612000,59873.3,59778.9,4,7
2021-04-11 00:03:26.663000,59849.2,59778.9,12,7
2021-04-11 00:03:26.848000,59849.2,59775.7,12,7
2021-04-11 00:03:27.101000,59849.2,59778.9,12,7
2021-04-11 00:03:27.241000,59848.1,59778.9,5,7
2021-04-11 00:03:27.796000,59848.1,59779.9,5,7
2021-04-11 00:03:27.997000,59848.1,59781.3,5,7
2021-04-11 00:03:28.640000,59853.5,59781.3,11,7
2021-04-11 00:03:29.144000,59853.9,59781.3,7,7
2021-04-11 00:03:29.595000,59853.9,59775.3,7,7
2021-04-11 00:03:29.737000,59856.8,59775.3,8,7
2021-04-11 00:03:29.890000,59856.8,59775.0,8,7
2021-04-11 00:03:30.143000,59853.9,59775.0,10,7
2021-04-11 00:03:30.390000,59853.9,59769.2,10,7
2021-04-11 00:03:30.621000,59853.9,59770.2,10,7
2021-04-11 00:03:30.726000,59853.1,59770.2,9,7
2021-04-11 00:03:30.895000,59853.1,59771.2,9,7
2021-04-11 00:03:31.147000,59855.4,59771.2,10,7
2021-04-11 00:03:31.208000,59855.4,59772.2,10,7
2021-04-11 00:03:31.496000,59855.4,59774.8,10,7
2021-04-11 00:03:31.644000,59856.5,59774.8,7,7
2021-04-11 00:03:31.709000,59856.5,59775.2,7,7
2021-04-11 00:03:32.147000,59858.0,59775.2,7,7
2021-04-11 00:03:32.263000,59858.0,59775.3,7,7
2021-04-11 00:03:32.643000,59868.8,59775.3,10,7
2021-04-11 00:03:32.693000,59868.8,59775.7,10,7
2021-04-11 00:03:32.927000,59868.8,59776.7,10,7
2021-04-11 00:03:33.143000,59869.4,59776.7,13,7
2021-04-11 00:03:33.194000,59869.4,59777.6,13,7
2021-04-11 00:03:33.443000,59869.4,59778.2,13,7
2021-04-11 00:03:34.303000,59869.4,59774.7,13,7
2021-04-11 00:03:34.508000,59869.4,59775.2,13,7
2021-04-11 00:03:34.809000,59869.4,59773.4,13,3
2021-04-11 00:03:35.073000,59869.4,59775.2,13,7
2021-04-11 00:03:35.314000,59869.4,59782.6,13,7
2021-04-11 00:03:35.963000,59869.4,59784.6,13,7
2021-04-11 00:03:37.079000,59869.4,59783.1,13,7
2021-04-11 00:03:37.331000,59869.4,59785.6,13,7
2021-04-11 00:03:37.533000,59869.4,59778.1,13,7
2021-04-11 00:03:37.782000,59869.4,59782.2,13,7
2021-04-11 00:03:38.139000,59869.4,59778.1,13,7
2021-04-11 00:03:38.391000,59869.4,59783.1,13,7
2021-04-11 00:03:38.645000,59869.4,59783.6,13,7
2021-04-11 00:03:40.258000,59869.4,59785.3,13,7
2021-04-11 00:03:40.481000,59869.4,59787.3,13,7
2021-04-11 00:03:41.167000,59874.4,59787.3,4,7
2021-04-11 00:03:41.225000,59874.4,59787.5,4,7
2021-04-11 00:03:41.837000,59874.4,59787.3,4,7
2021-04-11 00:03:42.105000,59874.4,59787.5,4,7
2021-04-11 00:03:42.358000,59874.4,59787.3,4,7
2021-04-11 00:03:42.666000,59874.4,59787.5,4,7
2021-04-11 00:03:43.046000,59874.4,59787.3,4,7
2021-04-11 00:03:43.533000,59874.4,59787.5,4,7
2021-04-11 00:03:45.307000,59874.4,59788.3,4,7
2021-04-11 00:03:45.582000,59874.4,59788.5,4,7
2021-04-11 00:03:45.998000,59874.4,59788.3,4,7
2021-04-11 00:03:46.251000,59874.4,59788.5,4,7
2021-04-11 00:03:46.472000,59874.4,59788.3,4,7
2021-04-11 00:03:46.758000,59874.4,59788.5,4,7
2021-04-11 00:03:48.626000,59874.4,59788.3,4,7
2021-04-11 00:03:48.677000,59875.1,59788.3,13,7
2021-04-11 00:03:48.740000,59875.7,59788.3,10,7
2021-04-11 00:03:48.835000,59875.7,59788.5,10,7
2021-04-11 00:03:49.094000,59875.7,59788.3,10,7
2021-04-11 00:03:49.216000,59882.6,59788.3,4,7
2021-04-11 00:03:49.493000,59882.6,59788.5,4,7
2021-04-11 00:03:49.798000,59882.6,59788.3,4,7
2021-04-11 00:03:50.141000,59887.2,59791.1,5,13
2021-04-11 00:03:50.439000,59887.2,59792.7,5,7
2021-04-11 00:03:51.643000,59884.7,59792.7,9,7
2021-04-11 00:03:53.313000,59884.7,59792.4,9,7
2021-04-11 00:03:54.096000,59884.7,59792.7,13,7
2021-04-11 00:03:55.306000,59884.7,59793.9,13,7
2021-04-11 00:03:55.607000,59884.7,59793.7,13,7
2021-04-11 00:03:56.141000,59886.9,59793.7,4,7
2021-04-11 00:03:56.293000,59886.9,59793.9,4,7
2021-04-11 00:03:59.644000,59887.6,59793.9,4,7
2021-04-11 00:03:59.795000,59887.6,59794.1,4,7
2021-04-11 00:04:00.161000,59890.7,59794.6,9,5
2021-04-11 00:04:01.104000,59890.7,59802.7,9,7
2021-04-11 00:04:01.408000,59890.7,59805.5,9,7
2021-04-11 00:04:01.639000,59896.2,59805.5,7,7
2021-04-11 00:04:01.790000,59896.2,59806.2,7,7
2021-04-11 00:04:02.000000,59896.2,59808.2,7,7
2021-04-11 00:04:02.290000,59896.2,59809.1,6,7
2021-04-11 00:04:02.643000,59900.0,59809.1,7,7
2021-04-11 00:04:02.788000,59900.1,59809.0,10,7
2021-04-11 00:04:03.144000,59899.7,59808.7,13,7
2021-04-11 00:04:03.640000,59899.7,59806.2,13,7
2021-04-11 00:04:03.690000,59892.4,59806.2,13,7
2021-04-11 00:04:03.892000,59892.4,59807.2,13,7
2021-04-11 00:04:04.145000,59890.7,59806.7,7,7
2021-04-11 00:04:04.392000,59890.7,59804.7,7,7
2021-04-11 00:04:04.640000,59890.7,59803.2,7,7
2021-04-11 00:04:04.896000,59890.7,59801.2,7,7
2021-04-11 00:04:05.148000,59890.7,59799.7,7,7
2021-04-11 00:04:05.400000,59890.7,59797.7,7,7
2021-04-11 00:04:05.640000,59890.7,59796.2,7,7
2021-04-11 00:04:06.153000,59883.8,59796.2,7,7
2021-04-11 00:04:06.643000,59873.9,59796.2,7,7
2021-04-11 00:04:07.143000,59872.5,59796.2,4,7
2021-04-11 00:04:07.643000,59870.8,59796.2,1,7
2021-04-11 00:04:08.142000,59871.4,59796.2,4,7
2021-04-11 00:04:08.641000,59870.0,59796.2,14,7
2021-04-11 00:04:10.644000,59872.4,59796.2,6,7
2021-04-11 00:04:10.896000,59872.4,59795.6,6,7
2021-04-11 00:04:11.132000,59872.4,59787.9,6,7
2021-04-11 00:04:12.313000,59872.4,59788.4,6,7
2021-04-11 00:04:12.643000,59862.8,59788.4,7,7
2021-04-11 00:04:13.414000,59862.8,59787.9,7,7
2021-04-11 00:04:16.436000,59862.8,59785.1,7,7
2021-04-11 00:04:16.688000,59862.8,59770.3,7,7
2021-04-11 00:04:16.994000,59862.8,59769.3,7,7
2021-04-11 00:04:17.142000,59862.7,59769.3,7,7
2021-04-11 00:04:17.518000,59862.7,59769.0,7,7
2021-04-11 00:04:17.669000,59828.6,59769.0,8,7
2021-04-11 00:04:17.791000,59828.6,59763.3,8,7
2021-04-11 00:04:18.034000,59828.6,59760.8,8,7
2021-04-11 00:04:19.141000,59820.9,59760.8,7,7
2021-04-11 00:04:19.644000,59816.9,59760.8,6,7
2021-04-11 00:04:20.140000,59815.5,59760.8,10,7
2021-04-11 00:04:20.292000,59815.5,59760.7,10,7
2021-04-11 00:04:20.649000,59813.7,59760.5,13,7
2021-04-11 00:04:20.897000,59813.7,59760.7,13,7
2021-04-11 00:04:21.129000,59813.7,59758.8,13,7
2021-04-11 00:04:21.180000,59804.6,59754.6,7,7
2021-04-11 00:04:22.199000,59808.7,59758.7,7,7
2021-04-11 00:04:22.406000,59806.8,59756.8,7,7
2021-04-11 00:04:22.657000,59804.6,59753.3,7,7
2021-04-11 00:04:22.909000,59804.6,59750.6,7,7
2021-04-11 00:04:23.140000,59782.3,59732.3,8,7
2021-04-11 00:04:23.190000,59796.2,59746.2,8,7
2021-04-11 00:04:23.403000,59794.4,59744.4,8,7
2021-04-11 00:04:23.644000,59782.5,59732.5,4,7
2021-04-11 00:04:23.744000,59782.5,59732.5,4,7
2021-04-11 00:04:23.941000,59789.2,59739.2,4,7
2021-04-11 00:04:24.143000,59779.2,59729.2,6,7
2021-04-11 00:04:25.140000,59772.8,59722.8,4,7
2021-04-11 00:04:25.578000,59785.6,59735.6,4,7
2021-04-11 00:04:25.640000,59771.6,59721.6,7,7
2021-04-11 00:04:25.811000,59784.4,59734.4,7,7
2021-04-11 00:04:26.951000,59789.2,59739.2,7,7
2021-04-11 00:04:27.310000,59793.7,59743.7,7,7
2021-04-11 00:04:27.564000,59789.2,59739.2,7,7
2021-04-11 00:04:27.665000,59779.7,59729.7,7,7
2021-04-11 00:04:27.888000,59798.6,59748.6,7,7
2021-04-11 00:04:28.113000,59796.3,59746.3,7,7
2021-04-11 00:04:28.400000,59795.6,59745.6,7,7
2021-04-11 00:04:28.626000,59796.7,59746.7,7,7
2021-04-11 00:04:28.682000,59783.6,59733.6,14,7
2021-04-11 00:04:29.112000,59798.9,59748.9,14,7
2021-04-11 00:04:29.397000,59797.8,59747.8,14,7
2021-04-11 00:04:29.663000,59786.0,59736.0,7,7
2021-04-11 00:04:30.139000,59786.3,59736.3,12,7
2021-04-11 00:04:30.707000,59786.3,59733.5,12,7
2021-04-11 00:04:31.139000,59786.9,59733.5,12,7
2021-04-11 00:04:31.647000,59785.3,59733.5,11,7
2021-04-11 00:04:33.652000,59787.0,59733.5,13,7
2021-04-11 00:04:35.142000,59787.6,59733.5,9,7
2021-04-11 00:04:35.445000,59791.3,59741.3,9,7
2021-04-11 00:04:35.647000,59788.7,59738.7,2,7
2021-04-11 00:04:35.945000,59788.7,59702.5,2,7
2021-04-11 00:04:36.143000,59796.4,59702.5,8,7
2021-04-11 00:04:36.650000,59797.7,59702.5,7,7
2021-04-11 00:04:37.642000,59800.1,59704.0,9,13
2021-04-11 00:04:38.141000,59804.2,59708.1,13,9
2021-04-11 00:04:40.140000,59802.5,59706.4,9,4
2021-04-11 00:04:40.436000,59802.5,59707.7,9,7
2021-04-11 00:04:40.641000,59800.8,59707.7,3,7
2021-04-11 00:04:41.140000,59797.7,59707.7,7,7
2021-04-11 00:04:42.640000,59798.5,59707.7,7,7
2021-04-11 00:04:43.140000,59799.1,59707.7,8,7
2021-04-11 00:04:43.341000,59799.4,59707.7,7,7
2021-04-11 00:04:43.644000,59801.3,59707.7,10,7
2021-04-11 00:04:44.192000,59808.9,59712.8,4,4
2021-04-11 00:04:44.715000,59808.9,59719.0,4,7
2021-04-11 00:04:44.993000,59808.9,59720.0,4,7
2021-04-11 00:04:45.233000,59808.9,59721.0,4,7
2021-04-11 00:04:45.501000,59808.9,59721.4,4,7
2021-04-11 00:04:46.554000,59808.9,59720.5,4,7
2021-04-11 00:04:46.813000,59808.9,59719.5,4,7
2021-04-11 00:04:47.033000,59808.9,59719.0,4,7
2021-04-11 00:04:47.318000,59808.9,59719.5,4,7
2021-04-11 00:04:47.544000,59808.9,59718.0,4,7
2021-04-11 00:04:47.822000,59808.9,59714.5,4,7
2021-04-11 00:04:48.033000,59808.9,59712.8,4,4
2021-04-11 00:04:48.184000,59803.5,59711.4,13,7
2021-04-11 00:04:48.296000,59803.5,59707.5,13,12
2021-04-11 00:04:48.676000,59796.9,59702.4,14,7
2021-04-11 00:04:48.895000,59796.9,59700.8,14,11
2021-04-11 00:04:49.146000,59796.8,59700.7,9,10
2021-04-11 00:04:49.644000,59787.2,59693.4,6,7
2021-04-11 00:04:49.795000,59787.2,59692.2,6,7
2021-04-11 00:04:51.833000,59787.2,59692.0,6,7
2021-04-11 00:04:52.063000,59787.2,59691.7,6,7
2021-04-11 00:04:52.324000,59787.2,59691.1,6,5
2021-04-11 00:04:53.534000,59786.4,59691.1,7,5
2021-04-11 00:04:53.644000,59764.8,59675.7,12,7
2021-04-11 00:04:53.813000,59764.8,59672.0,12,7
2021-04-11 00:04:54.033000,59764.8,59668.7,12,5
2021-04-11 00:04:55.641000,59764.1,59668.0,8,8
2021-04-11 00:04:56.142000,59754.4,59658.4,6,13
2021-04-11 00:05:00.183000,59723.7,59654.6,9,7
2021-04-11 00:05:00.595000,59723.7,59654.5,9,7
2021-04-11 00:05:00.743000,59721.8,59654.5,9,7
2021-04-11 00:05:00.810000,59721.8,59654.3,9,7
2021-04-11 00:05:01.140000,59724.5,59654.3,10,7
2021-04-11 00:05:01.686000,59724.9,59654.3,12,7
2021-04-11 00:05:02.676000,59724.5,59654.3,10,7
2021-04-11 00:05:03.142000,59726.5,59654.3,3,7
2021-04-11 00:05:03.347000,59726.5,59653.8,3,7
2021-04-11 00:05:03.666000,59724.7,59653.8,7,7
2021-04-11 00:05:05.142000,59728.1,59653.8,13,7
2021-04-11 00:05:07.144000,59729.1,59653.8,5,7
2021-04-11 00:05:08.661000,59729.1,59654.3,5,7
2021-04-11 00:05:09.014000,59729.1,59655.6,5,7
2021-04-11 00:05:09.656000,59737.4,59655.6,7,7
2021-04-11 00:05:10.140000,59741.9,59655.6,9,7
2021-04-11 00:05:10.592000,59741.9,59655.8,9,7
2021-04-11 00:05:11.096000,59741.9,59654.3,9,7
2021-04-11 00:05:11.147000,59742.6,59654.3,4,7
2021-04-11 00:05:11.640000,59747.2,59654.3,4,7
2021-04-11 00:05:12.146000,59745.5,59654.3,10,7
2021-04-11 00:05:12.662000,59742.6,59654.3,10,7
2021-04-11 00:05:12.712000,59742.6,59646.5,10,12
2021-04-11 00:05:13.689000,59722.7,59643.4,7,7
2021-04-11 00:05:13.843000,59722.7,59644.1,7,7
2021-04-11 00:05:14.133000,59722.7,59643.4,7,7
2021-04-11 00:05:14.183000,59718.2,59643.4,7,7
2021-04-11 00:05:14.574000,59718.2,59641.3,7,7
2021-04-11 00:05:14.675000,59718.4,59641.3,7,7
2021-04-11 00:05:14.776000,59718.4,59635.6,7,7
2021-04-11 00:05:15.026000,59718.4,59631.3,7,7
2021-04-11 00:05:15.216000,59718.3,59631.3,9,7
2021-04-11 00:05:15.665000,59702.5,59631.3,9,7
2021-04-11 00:05:15.876000,59702.5,59623.1,9,7
2021-04-11 00:05:16.206000,59702.2,59623.1,1,7
2021-04-11 00:05:16.326000,59702.2,59622.2,1,7
2021-04-11 00:05:16.594000,59702.2,59621.0,1,7
2021-04-11 00:05:17.614000,59702.2,59623.6,1,7
2021-04-11 00:05:18.414000,59702.2,59624.1,1,7
2021-04-11 00:05:19.320000,59702.2,59630.1,1,7
2021-04-11 00:05:19.562000,59702.2,59633.4,1,7
2021-04-11 00:05:19.773000,59702.2,59635.9,1,7
2021-04-11 00:05:20.027000,59702.2,59636.4,1,7
2021-04-11 00:05:20.179000,59716.2,59636.4,5,7
2021-04-11 00:05:20.297000,59716.2,59638.5,5,7
2021-04-11 00:05:20.550000,59716.2,59639.9,5,7
2021-04-11 00:05:21.005000,59716.2,59639.5,5,7
2021-04-11 00:05:21.243000,59716.2,59638.5,5,7
2021-04-11 00:05:22.123000,59716.2,59637.8,5,7
2021-04-11 00:05:22.243000,59720.2,59637.8,3,7
2021-04-11 00:05:22.394000,59720.2,59632.9,3,7
2021-04-11 00:05:22.609000,59720.2,59628.8,3,7
2021-04-11 00:05:22.898000,59720.2,59631.2,3,7
2021-04-11 00:05:23.151000,59715.3,59631.2,4,7
2021-04-11 00:05:23.641000,59702.3,59631.2,10,7
2021-04-11 00:05:23.893000,59702.3,59627.5,10,7
2021-04-11 00:05:24.146000,59699.9,59627.5,11,7
2021-04-11 00:05:24.513000,59699.9,59626.8,11,7
2021-04-11 00:05:24.642000,59698.0,59626.8,4,7
2021-04-11 00:05:24.740000,59698.0,59623.1,4,7
2021-04-11 00:05:24.996000,59698.0,59624.8,4,7
2021-04-11 00:05:25.147000,59699.9,59624.8,4,7
2021-04-11 00:05:25.503000,59699.9,59625.1,4,7
2021-04-11 00:05:25.644000,59698.3,59625.1,3,7
2021-04-11 00:05:26.149000,59698.2,59625.1,11,7
2021-04-11 00:05:26.641000,59698.0,59625.1,13,7
2021-04-11 00:05:26.710000,59698.0,59620.1,13,7
2021-04-11 00:05:26.994000,59698.0,59619.8,13,7
2021-04-11 00:05:27.146000,59692.5,59619.8,7,7
2021-04-11 00:05:27.442000,59692.5,59620.5,7,7
2021-04-11 00:05:28.146000,59692.4,59620.5,10,7
2021-04-11 00:05:28.921000,59692.4,59619.3,10,7
2021-04-11 00:05:29.644000,59691.7,59619.3,11,7
2021-04-11 00:05:30.706000,59691.7,59615.2,11,7
2021-04-11 00:05:30.913000,59691.7,59613.3,11,7
2021-04-11 00:05:31.212000,59691.7,59611.4,11,7
2021-04-11 00:05:31.445000,59691.7,59607.7,11,7
2021-04-11 00:05:31.662000,59691.7,59602.0,11,7
2021-04-11 00:05:31.918000,59691.7,59595.6,11,4
2021-04-11 00:05:33.555000,59691.7,59600.5,11,7
2021-04-11 00:05:33.837000,59691.7,59603.0,11,7
2021-04-11 00:05:34.086000,59691.7,59607.6,11,7
2021-04-11 00:05:34.343000,59691.7,59608.0,11,7
2021-04-11 00:05:34.557000,59691.7,59610.0,11,7
2021-04-11 00:05:37.105000,59691.7,59607.6,11,7
2021-04-11 00:05:37.385000,59691.7,59610.7,11,7
2021-04-11 00:05:37.606000,59691.7,59610.9,11,7
2021-04-11 00:05:37.984000,59691.7,59615.0,11,7
2021-04-11 00:05:38.187000,59702.3,59615.0,5,7
2021-04-11 00:05:38.237000,59702.3,59630.6,5,7
2021-04-11 00:05:38.655000,59705.9,59630.6,7,7
2021-04-11 00:05:38.705000,59705.9,59631.9,7,7
2021-04-11 00:05:39.142000,59707.7,59631.9,4,7
2021-04-11 00:05:39.192000,59707.7,59632.4,4,7
2021-04-11 00:05:39.595000,59707.7,59633.3,4,7
2021-04-11 00:05:39.653000,59707.9,59633.3,4,7
2021-04-11 00:05:39.893000,59707.9,59633.9,4,7
2021-04-11 00:05:40.137000,59707.9,59634.5,4,7
2021-04-11 00:05:40.188000,59709.4,59634.5,7,7
2021-04-11 00:05:40.393000,59709.4,59635.1,7,7
2021-04-11 00:05:40.647000,59710.5,59635.1,7,7
2021-04-11 00:05:40.697000,59710.5,59635.4,7,7
2021-04-11 00:05:40.965000,59710.5,59635.9,7,7
2021-04-11 00:05:41.143000,59710.7,59635.9,13,7
2021-04-11 00:05:41.295000,59710.7,59636.0,13,7
2021-04-11 00:05:41.530000,59710.7,59636.4,13,7
2021-04-11 00:05:41.801000,59710.7,59636.9,13,7
2021-04-11 00:05:42.105000,59710.7,59635.9,13,7
2021-04-11 00:05:42.336000,59710.7,59635.4,13,7
2021-04-11 00:05:43.013000,59710.7,59635.9,13,7
2021-04-11 00:05:43.276000,59710.7,59636.3,13,7
2021-04-11 00:05:43.518000,59710.7,59635.4,13,7
2021-04-11 00:05:43.824000,59710.7,59635.2,13,7
2021-04-11 00:05:44.122000,59710.7,59629.0,13,7
2021-04-11 00:05:44.173000,59707.5,59629.0,2,7
2021-04-11 00:05:44.644000,59707.7,59629.0,7,7
2021-04-11 00:05:45.140000,59707.4,59629.0,8,7
2021-04-11 00:05:45.405000,59707.4,59627.8,8,7
2021-04-11 00:05:46.000000,59707.4,59628.0,8,7
2021-04-11 00:05:46.504000,59707.4,59627.8,8,7
2021-04-11 00:05:46.715000,59707.4,59625.0,8,7
2021-04-11 00:05:47.007000,59707.4,59633.4,8,7
2021-04-11 00:05:47.142000,59715.4,59633.4,11,7
2021-04-11 00:05:47.243000,59715.4,59632.9,11,7
2021-04-11 00:05:47.497000,59715.4,59630.2,11,7
2021-04-11 00:05:47.719000,59715.4,59632.3,11,7
2021-04-11 00:05:48.259000,59715.4,59629.9,11,7
2021-04-11 00:05:48.511000,59715.4,59631.8,11,7
2021-04-11 00:05:48.718000,59715.4,59630.1,11,7
2021-04-11 00:05:48.967000,59715.4,59629.9,11,7
2021-04-11 00:05:49.141000,59713.7,59629.9,10,7
2021-04-11 00:05:49.242000,59713.7,59630.4,10,7
2021-04-11 00:05:49.493000,59713.7,59627.4,10,7
2021-04-11 00:05:49.716000,59713.7,59634.7,10,7
2021-04-11 00:05:49.999000,59713.7,59629.4,10,7
2021-04-11 00:05:50.252000,59713.7,59634.9,10,7
2021-04-11 00:05:50.505000,59713.7,59634.7,10,7
2021-04-11 00:05:50.716000,59713.7,59634.9,10,7
2021-04-11 00:05:51.460000,59713.7,59633.2,10,7
2021-04-11 00:05:51.642000,59714.4,59633.2,8,7
2021-04-11 00:05:51.711000,59714.4,59633.0,8,7
2021-04-11 00:05:52.239000,59714.4,59634.7,8,7
2021-04-11 00:05:52.499000,59714.4,59632.5,8,7
2021-04-11 00:05:52.713000,59714.4,59627.2,8,7
2021-04-11 00:05:53.004000,59714.4,59638.6,8,7
2021-04-11 00:05:53.231000,59714.4,59638.3,8,7
2021-04-11 00:05:53.507000,59714.4,59638.1,8,7
2021-04-11 00:05:53.644000,59712.2,59638.1,13,7
2021-04-11 00:05:53.711000,59712.2,59636.1,13,7
2021-04-11 00:05:55.641000,59710.2,59636.1,10,7
2021-04-11 00:05:55.923000,59710.2,59635.8,10,7
2021-04-11 00:05:56.201000,59710.2,59635.5,10,7
2021-04-11 00:05:56.425000,59710.2,59635.4,10,7
2021-04-11 00:05:57.004000,59710.2,59634.9,10,7
2021-04-11 00:05:57.305000,59710.2,59623.0,10,7
2021-04-11 00:05:57.509000,59710.2,59618.0,10,7
2021-04-11 00:05:57.640000,59708.3,59618.0,4,7
2021-04-11 00:05:58.139000,59702.0,59618.0,7,7
2021-04-11 00:06:00.457000,59702.0,59617.9,7,7
2021-04-11 00:06:00.719000,59702.0,59614.3,7,7
2021-04-11 00:06:00.994000,59702.0,59612.8,7,7
2021-04-11 00:06:01.228000,59702.0,59607.8,7,7
2021-04-11 00:06:01.458000,59702.0,59606.8,7,7
2021-04-11 00:06:01.732000,59702.0,59606.1,7,7
2021-04-11 00:06:01.985000,59702.0,59606.0,7,8
2021-04-11 00:06:02.140000,59701.1,59605.7,10,7
2021-04-11 00:06:02.493000,59701.1,59614.3,10,7
2021-04-11 00:06:03.304000,59701.1,59605.0,10,1
2021-04-11 00:06:03.533000,59701.1,59614.3,10,7
2021-04-11 00:06:03.808000,59701.1,59614.5,10,7
2021-04-11 00:06:04.144000,59701.1,59614.2,10,7
2021-04-11 00:06:04.413000,59701.1,59614.1,10,7
2021-04-11 00:06:05.665000,59697.1,59614.1,13,7
2021-04-11 00:06:06.523000,59697.1,59605.7,13,7
2021-04-11 00:06:07.155000,59697.1,59604.7,13,7
2021-04-11 00:06:07.410000,59697.1,59604.5,13,7
2021-04-11 00:06:08.154000,59697.1,59605.2,13,7
2021-04-11 00:06:08.585000,59697.1,59605.5,13,7
2021-04-11 00:06:08.826000,59697.1,59604.5,13,7
2021-04-11 00:06:10.159000,59697.1,59606.5,13,7
2021-04-11 00:06:10.445000,59697.1,59607.0,13,7
2021-04-11 00:06:10.658000,59697.1,59607.5,13,7
2021-04-11 00:06:10.951000,59697.1,59612.0,13,7
2021-04-11 00:06:11.154000,59697.7,59612.0,8,7
2021-04-11 00:06:11.204000,59697.7,59625.1,8,7
2021-04-11 00:06:11.641000,59701.1,59625.1,10,7
2021-04-11 00:06:11.994000,59701.1,59628.5,10,7
2021-04-11 00:06:12.605000,59701.1,59628.1,10,7
2021-04-11 00:06:12.742000,59703.3,59628.1,13,7
2021-04-11 00:06:13.263000,59703.3,59619.2,13,7
2021-04-11 00:06:13.497000,59703.3,59619.7,13,7
2021-04-11 00:06:13.735000,59703.3,59620.2,13,7
2021-04-11 00:06:14.003000,59703.3,59620.8,13,7
2021-04-11 00:06:14.247000,59703.3,59621.2,13,7
2021-04-11 00:06:14.506000,59703.3,59623.7,13,7
2021-04-11 00:06:14.642000,59716.0,59623.7,7,7
2021-04-11 00:06:14.734000,59716.0,59624.2,7,7
2021-04-11 00:06:15.190000,59715.7,59624.2,13,7
2021-04-11 00:06:15.641000,59717.7,59624.2,12,7
2021-04-11 00:06:15.849000,59717.7,59624.3,12,7
2021-04-11 00:06:16.098000,59717.7,59624.7,12,7
2021-04-11 00:06:16.310000,59717.7,59624.2,12,7
2021-04-11 00:06:17.220000,59717.7,59623.7,12,7
2021-04-11 00:06:17.913000,59717.7,59623.8,12,7
2021-04-11 00:06:18.240000,59717.7,59627.0,12,7
2021-04-11 00:06:18.540000,59717.7,59626.9,12,7
2021-04-11 00:06:18.961000,59717.7,59628.9,12,7
2021-04-11 00:06:19.175000,59717.2,59628.9,10,7
2021-04-11 00:06:19.479000,59717.2,59629.4,10,7
2021-04-11 00:06:19.643000,59716.9,59629.4,3,7
2021-04-11 00:06:19.762000,59716.9,59630.4,3,7
2021-04-11 00:06:20.199000,59716.9,59630.9,3,7
2021-04-11 00:06:20.417000,59716.9,59631.4,3,7
2021-04-11 00:06:20.799000,59716.9,59631.9,3,7
2021-04-11 00:06:21.025000,59716.9,59632.4,3,7
2021-04-11 00:06:22.120000,59716.9,59633.4,3,7
2021-04-11 00:06:22.358000,59716.9,59633.9,3,7
2021-04-11 00:06:22.624000,59716.9,59635.2,3,7
2021-04-11 00:06:22.927000,59716.9,59635.7,3,7
2021-04-11 00:06:23.178000,59716.9,59635.9,3,7
2021-04-11 00:06:23.433000,59716.9,59636.9,3,7
2021-04-11 00:06:23.677000,59716.9,59637.4,3,7
2021-04-11 00:06:24.343000,59716.9,59642.9,3,7
2021-04-11 00:06:24.565000,59716.9,59643.4,3,7
2021-04-11 00:06:24.666000,59718.6,59643.4,13,7
2021-04-11 00:06:24.817000,59718.6,59643.9,13,7
2021-04-11 00:06:25.143000,59733.9,59643.9,11,7
2021-04-11 00:06:25.240000,59733.9,59643.4,11,7
2021-04-11 00:06:25.497000,59733.9,59640.9,11,7
2021-04-11 00:06:25.640000,59735.3,59640.9,8,7
2021-04-11 00:06:25.753000,59735.3,59642.9,8,7
2021-04-11 00:06:25.993000,59735.3,59643.4,8,7
2021-04-11 00:06:26.144000,59735.7,59643.4,13,7
2021-04-11 00:06:26.326000,59735.7,59643.9,13,7
2021-04-11 00:06:26.644000,59740.0,59644.0,11,5
2021-04-11 00:06:27.073000,59740.0,59644.9,11,7
2021-04-11 00:06:27.242000,59729.6,59644.9,7,7
2021-04-11 00:06:27.292000,59729.6,59642.9,7,7
2021-04-11 00:06:27.537000,59729.6,59640.4,7,7
2021-04-11 00:06:27.797000,59729.6,59633.5,7,3
2021-04-11 00:06:28.641000,59729.0,59632.9,6,5
2021-04-11 00:06:29.141000,59714.0,59621.9,4,7
2021-04-11 00:06:29.292000,59714.0,59621.4,4,7
2021-04-11 00:06:29.498000,59714.0,59618.0,4,10
2021-04-11 00:06:29.641000,59712.0,59617.0,4,7
2021-04-11 00:06:29.843000,59712.0,59616.0,4,11
2021-04-11 00:06:30.151000,59708.4,59615.4,13,7
2021-04-11 00:06:30.374000,59708.4,59614.1,13,7
2021-04-11 00:06:30.597000,59708.4,59614.3,13,7
2021-04-11 00:06:30.845000,59708.4,59612.3,13,8
2021-04-11 00:06:33.143000,59702.3,59606.2,10,13
2021-04-11 00:06:36.526000,59700.1,59606.2,7,13
2021-04-11 00:06:36.677000,59680.7,59589.4,4,7
2021-04-11 00:06:36.795000,59680.7,59589.6,4,7
2021-04-11 00:06:37.028000,59680.7,59588.6,4,7
2021-04-11 00:06:37.245000,59680.7,59588.5,4,7
2021-04-11 00:06:37.504000,59680.7,59588.4,4,7
2021-04-11 00:06:37.655000,59673.1,59588.4,1,7
2021-04-11 00:06:37.791000,59673.1,59582.1,1,7
2021-04-11 00:06:38.018000,59673.1,59577.0,1,11
2021-04-11 00:06:39.656000,59675.6,59579.5,6,3
2021-04-11 00:06:41.339000,59675.6,59580.9,6,7
2021-04-11 00:06:41.600000,59675.6,59586.9,6,7
2021-04-11 00:06:41.650000,59678.0,59586.9,10,7
2021-04-11 00:06:41.839000,59678.0,59587.1,10,7
2021-04-11 00:06:42.103000,59678.0,59586.9,10,7
2021-04-11 00:06:42.154000,59677.2,59586.9,12,7
2021-04-11 00:06:42.343000,59677.2,59583.6,12,7
2021-04-11 00:06:42.640000,59677.2,59583.1,12,7
2021-04-11 00:06:43.649000,59677.2,59583.6,12,7
2021-04-11 00:06:43.910000,59677.2,59583.1,12,7
2021-04-11 00:06:44.406000,59677.2,59586.6,12,7
2021-04-11 00:06:44.643000,59678.0,59586.6,3,7
2021-04-11 00:06:44.694000,59678.0,59587.6,3,7
2021-04-11 00:06:44.947000,59678.0,59591.1,3,7
2021-04-11 00:06:45.139000,59678.7,59591.1,2,7
2021-04-11 00:06:45.190000,59678.7,59591.4,2,7
2021-04-11 00:06:45.398000,59678.7,59594.1,2,7
2021-04-11 00:06:45.696000,59678.7,59595.1,2,7
2021-04-11 00:06:45.940000,59678.7,59591.6,2,7
2021-04-11 00:06:46.141000,59687.0,59591.6,4,7
2021-04-11 00:06:46.191000,59687.0,59591.9,4,7
2021-04-11 00:06:46.399000,59687.0,59603.2,4,7
2021-04-11 00:06:46.640000,59688.2,59603.2,9,7
2021-04-11 00:06:46.690000,59688.2,59605.7,9,7
2021-04-11 00:06:46.930000,59688.2,59610.7,9,7
2021-04-11 00:06:47.139000,59693.7,59610.7,7,7
2021-04-11 00:06:47.190000,59693.7,59611.7,7,7
2021-04-11 00:06:47.399000,59693.7,59612.7,7,7
2021-04-11 00:06:47.639000,59701.4,59612.7,10,7
2021-04-11 00:06:47.690000,59701.4,59615.2,10,7
2021-04-11 00:06:47.921000,59701.4,59616.2,10,7
2021-04-11 00:06:48.144000,59708.2,59616.2,10,7
2021-04-11 00:06:48.194000,59708.2,59619.7,10,7
2021-04-11 00:06:48.492000,59708.2,59620.6,10,7
2021-04-11 00:06:48.644000,59708.4,59620.6,8,7
2021-04-11 00:06:48.694000,59708.4,59621.2,8,7
2021-04-11 00:06:48.993000,59708.4,59620.7,8,7
2021-04-11 00:06:49.139000,59712.2,59620.7,4,7
2021-04-11 00:06:49.240000,59712.2,59621.2,4,7
2021-04-11 00:06:49.443000,59712.2,59619.7,4,7
2021-04-11 00:06:49.851000,59712.2,59619.8,4,7
2021-04-11 00:06:50.099000,59712.2,59619.7,4,7
2021-04-11 00:06:50.240000,59715.8,59619.7,5,17
2021-04-11 00:06:50.639000,59725.0,59628.9,7,9
2021-04-11 00:06:51.231000,59724.8,59628.9,7,9
2021-04-11 00:06:51.498000,59725.0,59628.9,7,9
2021-04-11 00:06:52.641000,59700.8,59622.7,4,7
2021-04-11 00:06:52.703000,59700.8,59622.2,4,7
2021-04-11 00:06:53.398000,59700.8,59627.4,4,7
2021-04-11 00:06:53.801000,59700.8,59622.7,4,7
2021-04-11 00:06:54.406000,59700.8,59623.2,4,7
2021-04-11 00:06:54.643000,59704.9,59623.2,9,7
2021-04-11 00:06:55.032000,59704.9,59623.3,9,7
2021-04-11 00:06:55.511000,59704.9,59624.3,9,7
2021-04-11 00:06:55.717000,59704.9,59625.2,9,7
2021-04-11 00:06:56.009000,59704.9,59624.8,9,7
2021-04-11 00:06:56.217000,59704.9,59630.6,9,7
2021-04-11 00:06:56.514000,59704.9,59617.6,9,7
2021-04-11 00:06:56.644000,59705.7,59617.6,6,7
2021-04-11 00:06:56.998000,59705.7,59617.2,6,7
2021-04-11 00:06:57.149000,59706.0,59617.2,2,7
2021-04-11 00:06:57.218000,59706.0,59616.1,2,7
2021-04-11 00:06:57.498000,59706.0,59616.6,2,7
2021-04-11 00:06:58.153000,59705.7,59616.6,10,7
2021-04-11 00:06:58.443000,59705.7,59622.7,10,7
2021-04-11 00:06:58.640000,59702.9,59622.7,7,7
2021-04-11 00:06:58.691000,59702.9,59613.2,7,7
2021-04-11 00:06:58.895000,59702.9,59608.7,7,7
2021-04-11 00:06:59.143000,59697.1,59608.7,4,7
2021-04-11 00:06:59.443000,59697.1,59612.1,4,7
2021-04-11 00:06:59.644000,59697.1,59612.0,4,7
2021-04-11 00:06:59.899000,59697.1,59616.2,4,7
2021-04-11 00:07:00.143000,59697.1,59616.1,4,7
2021-04-11 00:07:00.521000,59697.1,59615.8,4,7
2021-04-11 00:07:00.641000,59698.3,59615.8,9,7
2021-04-11 00:07:00.797000,59698.3,59615.9,9,7
2021-04-11 00:07:01.073000,59698.3,59616.4,9,7
2021-04-11 00:07:01.300000,59698.3,59611.1,9,7
2021-04-11 00:07:01.545000,59698.3,59615.8,9,7
2021-04-11 00:07:01.802000,59698.3,59616.1,9,7
2021-04-11 00:07:02.063000,59698.3,59615.8,9,7
2021-04-11 00:07:02.847000,59698.3,59607.6,9,7
2021-04-11 00:07:03.114000,59698.3,59615.8,9,7
2021-04-11 00:07:03.164000,59702.8,59615.8,7,7
2021-04-11 00:07:03.383000,59702.8,59609.1,7,7
2021-04-11 00:07:03.596000,59702.8,59615.8,7,7
2021-04-11 00:07:04.148000,59702.8,59608.1,7,7
2021-04-11 00:07:04.424000,59702.8,59615.8,7,7
2021-04-11 00:07:05.141000,59700.3,59615.8,5,7
2021-04-11 00:07:05.191000,59700.3,59610.6,5,7
2021-04-11 00:07:05.425000,59700.3,59615.8,5,7
2021-04-11 00:07:06.307000,59700.3,59617.7,5,7
2021-04-11 00:07:07.144000,59701.4,59617.7,6,7
2021-04-11 00:07:07.499000,59701.4,59612.4,6,7
2021-04-11 00:07:07.736000,59701.4,59617.7,6,7
2021-04-11 00:07:08.003000,59701.4,59617.4,6,7
2021-04-11 00:07:08.235000,59701.4,59617.7,6,7
2021-04-11 00:07:08.608000,59701.4,59612.4,6,7
2021-04-11 00:07:08.849000,59701.4,59617.7,6,7
2021-04-11 00:07:09.143000,59694.9,59617.7,12,7
2021-04-11 00:07:09.914000,59694.9,59617.4,12,7
2021-04-11 00:07:10.203000,59694.9,59617.7,12,7
2021-04-11 00:07:10.414000,59694.9,59617.4,12,7
2021-04-11 00:07:10.708000,59694.9,59612.2,12,7
2021-04-11 00:07:10.914000,59694.9,59617.7,12,7
2021-04-11 00:07:11.144000,59696.2,59617.7,10,7
2021-04-11 00:07:11.246000,59696.2,59611.9,10,7
2021-04-11 00:07:11.414000,59696.2,59609.9,10,7
2021-04-11 00:07:11.700000,59696.2,59610.3,10,7
2021-04-11 00:07:12.127000,59696.2,59610.1,10,7
2021-04-11 00:07:13.543000,59696.2,59609.9,10,7
2021-04-11 00:07:13.643000,59700.7,59609.9,7,7
2021-04-11 00:07:13.793000,59700.7,59610.1,7,7
2021-04-11 00:07:14.045000,59700.7,59608.0,7,7
2021-04-11 00:07:14.344000,59700.7,59605.1,7,7
2021-04-11 00:07:14.604000,59700.7,59606.1,7,7
2021-04-11 00:07:14.850000,59700.7,59606.6,7,7
2021-04-11 00:07:15.131000,59700.7,59608.6,7,7
2021-04-11 00:07:15.545000,59700.7,59609.0,7,7
2021-04-11 00:07:15.646000,59700.5,59609.0,5,7
2021-04-11 00:07:16.186000,59700.5,59609.1,5,7
2021-04-11 00:07:16.424000,59700.5,59605.4,5,7
2021-04-11 00:07:16.690000,59700.5,59606.4,5,7
2021-04-11 00:07:17.639000,59702.0,59606.4,6,7
2021-04-11 00:07:18.843000,59702.0,59606.6,6,7
2021-04-11 00:07:19.107000,59702.0,59606.9,6,7
2021-04-11 00:07:19.344000,59702.0,59613.9,6,7
2021-04-11 00:07:19.613000,59702.0,59615.8,6,7
2021-04-11 00:07:19.663000,59707.2,59615.8,5,7
2021-04-11 00:07:19.886000,59707.2,59616.2,5,7
2021-04-11 00:07:20.096000,59707.2,59616.9,5,7
2021-04-11 00:07:20.146000,59710.3,59616.9,4,7
2021-04-11 00:07:20.343000,59710.3,59617.1,4,7
2021-04-11 00:07:20.642000,59717.4,59621.3,8,3
2021-04-11 00:07:21.431000,59717.4,59629.5,8,7
2021-04-11 00:07:21.641000,59704.4,59629.5,8,7
2021-04-11 00:07:23.438000,59704.4,59628.9,8,7
2021-04-11 00:07:23.710000,59704.4,59624.0,8,7
2021-04-11 00:07:24.349000,59705.5,59624.0,5,7
2021-04-11 00:07:24.452000,59705.5,59624.5,5,7
2021-04-11 00:07:24.698000,59705.5,59625.0,5,7
2021-04-11 00:07:24.912000,59705.5,59625.5,5,7
2021-04-11 00:07:25.166000,59705.5,59626.0,5,7
2021-04-11 00:07:25.413000,59705.5,59627.0,5,7
2021-04-11 00:07:25.708000,59705.5,59621.0,5,7
2021-04-11 00:07:25.912000,59705.5,59620.5,5,7
2021-04-11 00:07:26.165000,59702.4,59623.5,12,7
2021-04-11 00:07:26.414000,59702.4,59620.4,12,7
2021-04-11 00:07:26.644000,59705.2,59620.4,10,7
2021-04-11 00:07:26.729000,59705.2,59617.5,10,7
2021-04-11 00:07:27.034000,59705.2,59620.0,10,7
2021-04-11 00:07:27.185000,59703.4,59620.0,4,7
2021-04-11 00:07:27.477000,59703.4,59617.5,4,7
2021-04-11 00:07:27.929000,59703.4,59618.6,4,7
2021-04-11 00:07:28.148000,59701.4,59618.6,10,7
2021-04-11 00:07:28.249000,59701.4,59620.0,10,7
2021-04-11 00:07:28.467000,59701.4,59615.6,10,7
2021-04-11 00:07:28.641000,59699.9,59615.6,9,7
2021-04-11 00:07:28.743000,59699.9,59618.6,9,7
2021-04-11 00:07:29.198000,59699.9,59623.1,9,7
2021-04-11 00:07:29.457000,59699.9,59618.6,9,7
2021-04-11 00:07:29.704000,59699.9,59623.1,9,7
2021-04-11 00:07:29.928000,59699.9,59621.6,9,7
2021-04-11 00:07:30.159000,59705.0,59621.6,3,7
2021-04-11 00:07:30.515000,59705.0,59625.4,3,7
2021-04-11 00:07:31.241000,59705.0,59623.3,3,7
2021-04-11 00:07:32.148000,59704.6,59623.3,4,7
2021-04-11 00:07:33.830000,59704.6,59623.0,4,7
2021-04-11 00:07:34.129000,59704.6,59613.0,4,7
2021-04-11 00:07:34.640000,59699.9,59613.0,12,7
2021-04-11 00:07:35.396000,59699.9,59621.0,12,7
2021-04-11 00:07:35.900000,59699.9,59614.5,12,7
2021-04-11 00:07:36.389000,59699.9,59614.4,12,7
2021-04-11 00:07:36.642000,59701.8,59614.4,13,7
2021-04-11 00:07:37.827000,59701.8,59614.5,13,7
2021-04-11 00:07:38.106000,59701.8,59614.9,13,7
2021-04-11 00:07:38.371000,59701.8,59615.4,13,7
2021-04-11 00:07:38.610000,59701.8,59614.9,13,7
2021-04-11 00:07:38.827000,59701.8,59615.4,8,7
2021-04-11 00:07:39.098000,59701.8,59622.9,8,7
2021-04-11 00:07:39.362000,59701.8,59623.2,8,7
2021-04-11 00:07:40.683000,59703.5,59623.2,9,7
2021-04-11 00:07:41.399000,59703.5,59622.5,9,7
2021-04-11 00:07:41.611000,59703.5,59612.7,9,7
2021-04-11 00:07:41.903000,59703.5,59622.5,9,7
2021-04-11 00:07:42.663000,59703.5,59615.2,9,7
2021-04-11 00:07:43.234000,59703.5,59613.2,9,7
2021-04-11 00:07:43.524000,59703.5,59616.6,9,7
2021-04-11 00:07:44.047000,59703.5,59613.2,9,7
2021-04-11 00:07:44.313000,59703.5,59616.6,9,7
2021-04-11 00:07:44.686000,59699.9,59616.6,7,7
2021-04-11 00:07:45.100000,59699.9,59616.2,7,7
2021-04-11 00:07:45.151000,59698.8,59616.2,10,7
2021-04-11 00:07:45.346000,59698.8,59613.2,10,7
2021-04-11 00:07:45.599000,59698.8,59613.7,10,7
2021-04-11 00:07:45.803000,59698.8,59617.5,10,7
2021-04-11 00:07:46.054000,59698.8,59613.2,10,7
2021-04-11 00:07:46.345000,59698.8,59615.2,10,7
2021-04-11 00:07:46.553000,59698.8,59616.6,10,7
2021-04-11 00:07:46.855000,59698.8,59615.2,10,7
2021-04-11 00:07:47.140000,59699.9,59615.2,10,7
2021-04-11 00:07:47.284000,59699.9,59616.6,10,7
2021-04-11 00:07:47.531000,59699.9,59615.2,10,7
2021-04-11 00:07:47.640000,59700.2,59615.2,12,7
2021-04-11 00:07:47.791000,59700.2,59616.6,12,7
2021-04-11 00:07:48.140000,59700.3,59616.6,4,7
2021-04-11 00:07:48.645000,59700.3,59615.2,4,7
2021-04-11 00:07:49.102000,59700.3,59616.6,4,7
2021-04-11 00:07:49.215000,59700.4,59616.6,5,7
2021-04-11 00:07:49.801000,59700.4,59619.3,5,7
2021-04-11 00:07:50.144000,59700.0,59619.3,9,7
2021-04-11 00:07:50.725000,59700.0,59616.2,9,7
2021-04-11 00:07:51.002000,59700.0,59619.3,9,7
2021-04-11 00:07:51.143000,59702.2,59619.3,8,7
2021-04-11 00:07:51.247000,59702.2,59622.7,8,7
2021-04-11 00:07:51.498000,59702.2,59623.7,8,7
2021-04-11 00:07:51.648000,59718.1,59623.7,8,7
2021-04-11 00:07:51.724000,59718.1,59626.2,8,7
2021-04-11 00:07:51.993000,59718.1,59628.2,8,7
2021-04-11 00:07:52.244000,59718.1,59629.7,8,7
2021-04-11 00:07:52.497000,59718.1,59630.0,8,7
2021-04-11 00:07:52.726000,59718.1,59629.7,8,7
2021-04-11 00:07:53.141000,59740.4,59647.5,7,9
2021-04-11 00:07:53.641000,59740.4,59645.8,7,13
2021-04-11 00:07:54.141000,59740.4,59645.2,7,13
2021-04-11 00:07:55.103000,59739.9,59645.2,7,13
2021-04-11 00:07:55.305000,59737.9,59645.2,7,13
2021-04-11 00:07:55.559000,59735.4,59645.2,7,13
2021-04-11 00:07:55.659000,59735.4,59640.6,7,11
2021-04-11 00:07:56.095000,59736.7,59640.6,13,11
2021-04-11 00:07:56.145000,59731.3,59635.2,10,3
2021-04-11 00:07:56.639000,59724.9,59628.9,7,7
2021-04-11 00:07:57.640000,59728.1,59632.0,10,8
2021-04-11 00:07:59.653000,59731.6,59635.5,13,5
2021-04-11 00:08:00.641000,59732.2,59636.1,3,6
2021-04-11 00:08:01.639000,59732.7,59636.6,7,6
2021-04-11 00:08:02.145000,59732.2,59636.1,9,4
2021-04-11 00:08:02.640000,59730.8,59634.7,6,4
2021-04-11 00:08:03.144000,59727.5,59631.5,4,1
2021-04-11 00:08:03.639000,59727.4,59631.3,7,12
2021-04-11 00:08:04.145000,59725.8,59629.7,12,10
2021-04-11 00:08:04.639000,59727.4,59631.3,1,12
2021-04-11 00:08:06.203000,59727.4,59631.6,1,7
2021-04-11 00:08:06.506000,59727.4,59631.3,1,12
2021-04-11 00:08:06.641000,59730.9,59634.8,7,10
2021-04-11 00:08:07.753000,59730.9,59635.7,7,7
2021-04-11 00:08:08.004000,59730.9,59635.2,7,7
2021-04-11 00:08:08.155000,59731.2,59635.2,8,7
2021-04-11 00:08:08.261000,59731.2,59635.1,5,3
2021-04-11 00:08:08.494000,59731.2,59635.2,7,7
2021-04-11 00:08:08.544000,59730.9,59635.2,1,7
2021-04-11 00:08:08.641000,59731.5,59635.5,10,12
2021-04-11 00:08:08.744000,59731.5,59635.7,10,7
2021-04-11 00:08:09.144000,59736.4,59640.3,12,7
2021-04-11 00:08:09.643000,59742.3,59646.2,6,13
2021-04-11 00:08:10.144000,59746.9,59658.7,7,1
2021-04-11 00:08:10.643000,59746.9,59660.5,7,14
2021-04-11 00:08:11.620000,59750.2,59660.5,7,14
2021-04-11 00:08:12.135000,59755.1,59660.5,7,14
2021-04-11 00:08:12.185000,59755.1,59660.8,7,10
2021-04-11 00:08:12.423000,59756.9,59660.8,7,10
2021-04-11 00:08:12.686000,59760.6,59664.5,13,7
2021-04-11 00:08:14.142000,59763.9,59677.0,7,12
2021-04-11 00:08:14.353000,59764.4,59677.0,7,12
2021-04-11 00:08:14.595000,59764.9,59677.0,7,12
2021-04-11 00:08:14.897000,59765.4,59677.0,7,12
2021-04-11 00:08:15.246000,59764.7,59677.0,7,12
2021-04-11 00:08:15.674000,59764.9,59677.0,7,12
2021-04-11 00:08:15.907000,59766.4,59677.0,7,12
2021-04-11 00:08:16.665000,59766.4,59683.0,7,14
2021-04-11 00:08:17.655000,59766.4,59683.1,7,4
2021-04-11 00:08:17.795000,59766.9,59683.1,7,4
2021-04-11 00:08:18.035000,59766.4,59683.1,7,4
2021-04-11 00:08:18.140000,59766.4,59684.1,7,7
2021-04-11 00:08:18.290000,59763.4,59684.1,7,7
2021-04-11 00:08:18.645000,59763.4,59677.2,7,7
2021-04-11 00:08:19.296000,59763.9,59677.2,7,7
2021-04-11 00:08:19.523000,59765.9,59677.2,7,7
2021-04-11 00:08:19.805000,59766.9,59677.2,7,7
2021-04-11 00:08:20.024000,59767.4,59677.2,7,7
2021-04-11 00:08:20.143000,59767.4,59684.1,7,4
2021-04-11 00:08:20.498000,59768.4,59684.1,7,4
2021-04-11 00:08:20.650000,59768.4,59684.9,7,5
2021-04-11 00:08:20.793000,59767.9,59684.9,7,5
2021-04-11 00:08:21.041000,59770.4,59684.9,7,5
2021-04-11 00:08:21.337000,59770.2,59684.9,7,5
2021-04-11 00:08:21.599000,59770.9,59684.9,7,5
2021-04-11 00:08:22.829000,59771.0,59684.9,7,5
2021-04-11 00:08:23.115000,59770.9,59684.9,7,5
2021-04-11 00:08:23.329000,59771.0,59684.9,7,5
2021-04-11 00:08:24.141000,59771.0,59696.6,7,4
2021-04-11 00:08:24.392000,59770.9,59696.6,7,4
2021-04-11 00:08:24.637000,59771.0,59696.6,7,4
2021-04-11 00:08:24.740000,59771.0,59696.8,7,13
2021-04-11 00:08:24.892000,59770.9,59696.8,7,13
2021-04-11 00:08:25.445000,59770.4,59696.8,7,13
2021-04-11 00:08:25.646000,59770.4,59695.1,7,2
2021-04-11 00:08:25.746000,59770.9,59695.1,7,2
2021-04-11 00:08:26.806000,59771.0,59695.1,7,2
2021-04-11 00:08:27.020000,59771.6,59695.1,7,2
2021-04-11 00:08:27.144000,59771.6,59692.7,7,13
2021-04-11 00:08:27.296000,59771.5,59692.7,7,13
2021-04-11 00:08:27.558000,59771.4,59692.7,7,13
2021-04-11 00:08:29.142000,59771.4,59695.6,7,5
2021-04-11 00:08:29.293000,59771.6,59695.6,7,5
2021-04-11 00:08:29.544000,59771.4,59695.6,7,5
2021-04-11 00:08:29.645000,59771.4,59695.8,7,7
2021-04-11 00:08:31.189000,59771.4,59694.2,7,4
2021-04-11 00:08:31.240000,59771.0,59694.2,7,4
2021-04-11 00:08:31.440000,59771.5,59694.2,7,4
2021-04-11 00:08:31.694000,59771.4,59694.2,7,4
2021-04-11 00:08:32.013000,59770.4,59694.2,7,4
2021-04-11 00:08:32.299000,59771.4,59694.2,7,4
2021-04-11 00:08:32.619000,59770.4,59694.2,7,4
2021-04-11 00:08:32.905000,59767.9,59694.2,7,4
2021-04-11 00:08:33.169000,59763.4,59694.2,7,4
2021-04-11 00:08:33.420000,59764.2,59694.2,7,4
2021-04-11 00:08:33.644000,59764.2,59691.6,7,4
2021-04-11 00:08:34.159000,59764.2,59689.2,7,2
2021-04-11 00:08:34.214000,59763.4,59689.2,7,2
2021-04-11 00:08:34.489000,59764.2,59689.2,7,2
2021-04-11 00:08:34.713000,59758.9,59689.2,7,2
2021-04-11 00:08:35.000000,59760.4,59689.2,7,2
2021-04-11 00:08:35.152000,59760.4,59676.8,7,6
2021-04-11 00:08:35.215000,59757.9,59676.8,7,6
2021-04-11 00:08:35.480000,59754.4,59676.8,7,6
2021-04-11 00:08:35.943000,59754.9,59676.8,7,6
2021-04-11 00:08:36.200000,59754.4,59676.8,7,6
2021-04-11 00:08:36.955000,59755.4,59676.8,7,6
2021-04-11 00:08:37.513000,59756.4,59676.8,7,6
2021-04-11 00:08:37.639000,59756.4,59673.8,7,5
2021-04-11 00:08:37.714000,59756.9,59673.8,7,5
2021-04-11 00:08:38.144000,59756.9,59666.7,7,12
2021-04-11 00:08:38.593000,59759.9,59666.7,7,12
2021-04-11 00:08:39.602000,59760.9,59666.7,7,12
2021-04-11 00:08:39.841000,59761.4,59666.7,7,12
2021-04-11 00:08:40.153000,59761.4,59670.6,7,7
2021-04-11 00:08:40.596000,59765.4,59670.6,7,11
2021-04-11 00:08:40.647000,59765.4,59670.9,7,8
2021-04-11 00:08:41.143000,59765.4,59676.9,7,4
2021-04-11 00:08:41.445000,59765.6,59676.9,7,4
2021-04-11 00:08:41.641000,59765.6,59684.0,7,8
2021-04-11 00:08:41.804000,59765.4,59684.0,7,8
2021-04-11 00:08:42.084000,59765.6,59684.0,7,8
2021-04-11 00:08:43.308000,59768.9,59684.0,7,8
2021-04-11 00:08:43.544000,59769.4,59684.0,7,8
2021-04-11 00:08:43.644000,59769.4,59685.7,7,4
2021-04-11 00:08:44.141000,59769.4,59686.6,7,7
2021-04-11 00:08:44.314000,59769.9,59686.6,7,7
2021-04-11 00:08:44.640000,59769.9,59685.6,7,4
2021-04-11 00:08:44.821000,59770.4,59685.6,7,4
2021-04-11 00:08:45.105000,59770.9,59685.6,7,4
2021-04-11 00:08:45.241000,59770.9,59685.7,7,12
2021-04-11 00:08:45.320000,59781.8,59699.9,7,7
2021-04-11 00:08:45.595000,59781.8,59699.4,7,7
2021-04-11 00:08:45.646000,59782.9,59699.4,1,7
2021-04-11 00:08:45.821000,59782.9,59698.9,1,7
2021-04-11 00:08:46.095000,59782.9,59699.9,1,7
2021-04-11 00:08:47.441000,59782.9,59698.9,1,7
2021-04-11 00:08:47.643000,59785.0,59698.9,12,7
2021-04-11 00:08:50.223000,59785.0,59700.2,12,7
2021-04-11 00:08:50.473000,59785.0,59700.7,12,7
2021-04-11 00:08:50.830000,59785.0,59700.2,12,7
2021-04-11 00:08:51.045000,59785.0,59697.7,12,7
2021-04-11 00:08:51.491000,59785.0,59698.2,12,7
2021-04-11 00:08:51.592000,59785.0,59699.9,12,7
2021-04-11 00:08:51.845000,59785.0,59697.7,12,7
2021-04-11 00:08:52.046000,59785.0,59699.4,12,7
2021-04-11 00:08:52.315000,59785.0,59699.2,12,7
2021-04-11 00:08:52.550000,59785.0,59699.7,12,7
2021-04-11 00:08:53.560000,59785.0,59698.7,12,7
2021-04-11 00:08:53.865000,59785.0,59699.7,12,7
2021-04-11 00:08:54.823000,59785.0,59698.7,12,7
2021-04-11 00:08:55.078000,59785.0,59700.7,12,7
2021-04-11 00:08:55.330000,59785.0,59701.2,12,7
2021-04-11 00:08:55.583000,59785.0,59701.3,12,7
2021-04-11 00:08:56.089000,59785.0,59701.2,12,7
2021-04-11 00:08:56.328000,59785.0,59701.3,12,7
2021-04-11 00:08:56.644000,59791.4,59701.3,3,7
2021-04-11 00:08:56.791000,59791.4,59701.4,3,7
2021-04-11 00:08:57.144000,59792.9,59701.4,6,7
2021-04-11 00:08:58.642000,59802.1,59706.0,14,13
2021-04-11 00:09:04.644000,59792.2,59701.3,7,7
2021-04-11 00:09:05.642000,59799.6,59703.5,5,8
2021-04-11 00:09:06.639000,59804.8,59708.7,12,4
2021-04-11 00:09:09.160000,59799.6,59703.5,10,7
2021-04-11 00:09:11.165000,59806.4,59710.3,12,7
2021-04-11 00:09:11.664000,59810.0,59713.9,12,12
2021-04-11 00:09:11.790000,59810.0,59714.0,13,4
2021-04-11 00:09:12.193000,59811.5,59715.4,13,8
2021-04-11 00:09:13.143000,59824.8,59728.7,3,7
2021-04-11 00:09:13.641000,59824.7,59728.6,13,7
2021-04-11 00:09:14.145000,59825.2,59729.1,9,13
2021-04-11 00:09:14.641000,59826.3,59732.1,7,9
2021-04-11 00:09:15.143000,59826.3,59734.6,7,7
2021-04-11 00:09:15.823000,59829.9,59734.6,7,7
2021-04-11 00:09:16.083000,59830.2,59734.6,7,7
2021-04-11 00:09:17.140000,59830.2,59741.3,7,4
2021-04-11 00:09:21.743000,59829.9,59741.3,7,4
2021-04-11 00:09:21.948000,59829.8,59741.3,7,4
2021-04-11 00:09:22.239000,59829.7,59741.3,7,4
2021-04-11 00:09:22.447000,59830.2,59741.3,7,4
2021-04-11 00:09:22.643000,59828.5,59732.5,7,11
2021-04-11 00:09:22.994000,59827.7,59732.5,7,11
2021-04-11 00:09:23.140000,59817.8,59721.7,4,10
2021-04-11 00:09:23.679000,59816.3,59720.2,10,4
2021-04-11 00:09:24.140000,59813.2,59717.1,7,10
2021-04-11 00:09:24.668000,59812.0,59716.0,7,8
2021-04-11 00:09:25.043000,59812.0,59718.7,7,7
2021-04-11 00:09:25.144000,59814.6,59718.7,10,7
2021-04-11 00:09:25.242000,59814.8,59718.7,7,18
2021-04-11 00:09:25.659000,59828.0,59731.9,7,2
2021-04-11 00:09:27.657000,59829.0,59732.9,9,10
2021-04-11 00:09:30.139000,59829.4,59733.4,7,10
2021-04-11 00:09:30.897000,59829.5,59733.4,7,10
2021-04-11 00:09:31.140000,59835.1,59745.3,7,8
2021-04-11 00:09:31.645000,59835.1,59745.2,7,11
2021-04-11 00:09:32.143000,59835.1,59745.5,7,9
2021-04-11 00:09:32.643000,59835.1,59747.6,7,4
2021-04-11 00:09:33.140000,59835.1,59747.7,7,8
2021-04-11 00:09:33.644000,59835.1,59748.1,7,7
2021-04-11 00:09:35.643000,59835.1,59748.2,7,12
2021-04-11 00:09:36.143000,59835.1,59748.1,7,6
2021-04-11 00:09:40.440000,59834.8,59748.1,7,6
2021-04-11 00:09:40.677000,59835.1,59748.1,7,6
2021-04-11 00:09:41.652000,59835.1,59748.2,7,8
2021-04-11 00:09:42.643000,59835.1,59748.1,7,13
2021-04-11 00:09:43.201000,59844.2,59748.1,5,13
2021-04-11 00:09:43.642000,59844.4,59748.3,7,9
2021-04-11 00:09:50.672000,59848.6,59752.5,11,6
2021-04-11 00:09:52.890000,59848.6,59752.7,11,7
2021-04-11 00:09:53.160000,59848.6,59753.2,11,7
2021-04-11 00:09:53.571000,59848.6,59753.8,11,7
2021-04-11 00:09:54.179000,59853.4,59757.3,13,5
2021-04-11 00:09:54.643000,59853.7,59757.6,3,5
2021-04-11 00:09:55.145000,59855.2,59759.1,4,9
2021-04-11 00:09:55.639000,59860.0,59764.0,13,4
2021-04-11 00:09:56.140000,59863.3,59767.2,12,7
2021-04-11 00:09:56.690000,59864.5,59770.1,7,9
2021-04-11 00:09:59.139000,59864.5,59768.9,7,6
2021-04-11 00:10:00.525000,59865.0,59768.9,11,6
2021-04-11 00:10:01.665000,59866.2,59770.1,4,11
2021-04-11 00:10:02.660000,59862.5,59766.4,11,3
2021-04-11 00:10:03.655000,59858.2,59762.1,4,2
2021-04-11 00:10:04.142000,59847.2,59753.5,2,7
2021-04-11 00:10:05.532000,59847.2,59752.6,2,7
2021-04-11 00:10:05.644000,59824.2,59752.6,4,7
2021-04-11 00:10:06.202000,59824.2,59752.5,4,7
2021-04-11 00:10:06.406000,59824.2,59744.7,4,7
2021-04-11 00:10:07.640000,59819.7,59744.7,8,7
2021-04-11 00:10:08.143000,59819.4,59744.7,5,7
2021-04-11 00:10:08.447000,59819.4,59744.4,5,7
2021-04-11 00:10:08.648000,59815.7,59744.4,11,7
2021-04-11 00:10:09.143000,59815.4,59744.4,4,7
2021-04-11 00:10:09.643000,59819.2,59744.4,7,7
2021-04-11 00:10:10.143000,59818.9,59744.4,6,7
2021-04-11 00:10:11.444000,59818.9,59744.2,6,7
2021-04-11 00:10:12.143000,59818.0,59744.2,12,7
2021-04-11 00:10:12.345000,59818.0,59743.8,12,7
2021-04-11 00:10:12.599000,59818.0,59741.8,12,7
2021-04-11 00:10:12.865000,59818.0,59741.1,12,7
2021-04-11 00:10:13.108000,59818.0,59735.6,12,7
2021-04-11 00:10:13.158000,59813.4,59735.6,10,7
2021-04-11 00:10:13.393000,59813.4,59734.9,10,7
2021-04-11 00:10:13.607000,59813.4,59734.7,10,7
2021-04-11 00:10:13.905000,59813.4,59732.7,10,7
2021-04-11 00:10:14.108000,59813.4,59732.8,10,7
2021-04-11 00:10:14.159000,59800.0,59732.8,12,7
2021-04-11 00:10:14.645000,59800.4,59732.8,7,7
2021-04-11 00:10:15.176000,59800.2,59732.8,4,7
2021-04-11 00:10:16.165000,59798.2,59732.8,12,7
2021-04-11 00:10:17.428000,59798.2,59725.6,12,7
2021-04-11 00:10:18.167000,59794.8,59725.6,7,7
2021-04-11 00:10:20.640000,59794.9,59725.6,9,7
2021-04-11 00:10:21.145000,59794.8,59725.6,4,7
2021-04-11 00:10:22.200000,59794.8,59728.4,4,7
2021-04-11 00:10:23.148000,59802.1,59728.4,10,7
2021-04-11 00:10:24.642000,59798.1,59728.4,10,7
2021-04-11 00:10:26.639000,59807.7,59728.4,4,7
2021-04-11 00:10:26.808000,59807.7,59728.6,4,7
2021-04-11 00:10:27.145000,59810.4,59728.6,7,7
2021-04-11 00:10:27.442000,59810.4,59732.2,7,7
2021-04-11 00:10:27.642000,59810.4,59738.2,7,7
2021-04-11 00:10:27.692000,59811.9,59738.2,10,7
2021-04-11 00:10:27.893000,59811.9,59739.2,10,7
2021-04-11 00:10:28.139000,59820.8,59739.2,4,7
2021-04-11 00:10:28.189000,59820.8,59739.5,4,7
2021-04-11 00:10:28.441000,59820.8,59743.7,4,7
2021-04-11 00:10:28.643000,59852.8,59756.7,13,11
2021-04-11 00:10:29.144000,59855.8,59759.8,7,4
2021-04-11 00:10:30.643000,59849.8,59753.7,7,7
2021-04-11 00:10:33.171000,59855.9,59759.8,4,9
2021-04-11 00:10:35.051000,59858.8,59748.2,9,7
2021-04-11 00:10:35.102000,59855.9,59759.8,4,9
2021-04-11 00:10:35.672000,59857.2,59767.3,7,5
2021-04-11 00:10:35.773000,59854.3,59767.3,7,5
2021-04-11 00:10:35.992000,59855.4,59767.3,7,5
2021-04-11 00:10:36.208000,59855.8,59767.3,7,5
2021-04-11 00:10:37.141000,59855.8,59759.8,7,7
2021-04-11 00:10:38.403000,59855.9,59759.8,7,7
2021-04-11 00:10:39.916000,59853.8,59759.8,7,7
2021-04-11 00:10:40.155000,59854.3,59759.8,7,7
2021-04-11 00:10:40.421000,59855.3,59759.8,7,7
2021-04-11 00:10:40.672000,59855.8,59759.8,7,7
2021-04-11 00:10:40.928000,59855.9,59759.8,7,7
2021-04-11 00:10:41.139000,59857.2,59768.5,7,3
2021-04-11 00:10:41.283000,59857.8,59768.5,7,3
2021-04-11 00:10:42.142000,59857.8,59769.8,7,13
2021-04-11 00:10:42.431000,59858.0,59769.8,7,13
2021-04-11 00:10:42.648000,59858.0,59770.1,7,2
2021-04-11 00:10:43.593000,59859.3,59770.1,7,2
2021-04-11 00:10:43.804000,59860.3,59770.1,7,2
2021-04-11 00:10:44.043000,59866.2,59770.1,13,2
2021-04-11 00:10:44.143000,59866.8,59782.5,7,7
2021-04-11 00:10:44.303000,59869.3,59782.5,7,7
2021-04-11 00:10:44.582000,59870.8,59782.5,7,7
2021-04-11 00:10:44.642000,59870.8,59783.2,7,4
2021-04-11 00:10:45.327000,59871.8,59783.2,7,4
2021-04-11 00:10:45.623000,59872.0,59783.2,7,4
2021-04-11 00:10:45.673000,59872.0,59804.1,7,5
2021-04-11 00:10:45.827000,59872.1,59804.1,7,5
2021-04-11 00:10:46.098000,59872.0,59804.1,7,5
2021-04-11 00:10:46.735000,59871.8,59804.1,7,5
2021-04-11 00:10:47.640000,59871.8,59797.3,7,10
2021-04-11 00:10:47.933000,59871.3,59797.3,7,10
2021-04-11 00:10:48.133000,59868.8,59797.3,7,10
2021-04-11 00:10:48.499000,59867.2,59797.3,7,10
2021-04-11 00:10:48.640000,59867.2,59796.1,7,9
2021-04-11 00:10:48.798000,59867.8,59796.1,7,9
2021-04-11 00:10:49.093000,59868.3,59796.1,7,9
2021-04-11 00:10:49.299000,59871.8,59796.1,7,9
2021-04-11 00:10:50.243000,59872.1,59796.1,7,9
2021-04-11 00:10:50.506000,59873.3,59796.1,7,9
2021-04-11 00:10:50.716000,59874.3,59796.1,7,9
2021-04-11 00:10:51.011000,59874.8,59796.1,7,9
2021-04-11 00:10:51.233000,59875.3,59796.1,7,9
2021-04-11 00:10:51.513000,59875.8,59796.1,7,9
2021-04-11 00:10:51.718000,59876.3,59796.1,7,9
2021-04-11 00:10:51.965000,59878.8,59796.1,7,9
2021-04-11 00:10:53.234000,59876.3,59796.1,7,9
2021-04-11 00:10:53.492000,59876.8,59796.1,7,9
2021-04-11 00:10:53.643000,59876.8,59804.1,7,9
2021-04-11 00:10:53.732000,59877.3,59804.1,7,9
2021-04-11 00:10:54.484000,59877.8,59804.1,7,9
2021-04-11 00:10:54.716000,59878.3,59804.1,7,9
2021-04-11 00:10:54.960000,59878.8,59804.1,7,9
2021-04-11 00:10:57.663000,59875.8,59804.1,7,9
2021-04-11 00:10:58.114000,59876.3,59804.1,7,9
2021-04-11 00:10:59.272000,59878.8,59804.1,7,9
2021-04-11 00:11:00.168000,59878.8,59804.3,7,3
2021-04-11 00:11:00.644000,59878.8,59807.6,7,4
2021-04-11 00:11:01.140000,59878.8,59809.3,7,13
2021-04-11 00:11:01.749000,59878.9,59809.3,7,13
2021-04-11 00:11:02.321000,59878.8,59809.3,7,13
2021-04-11 00:11:02.603000,59878.9,59809.3,7,13
2021-04-11 00:11:02.704000,59878.9,59815.9,7,7
2021-04-11 00:11:02.821000,59878.8,59815.9,7,7
2021-04-11 00:11:03.120000,59878.9,59815.9,7,7
2021-04-11 00:11:03.449000,59878.8,59815.9,7,7
2021-04-11 00:11:03.703000,59878.9,59815.9,7,7
2021-04-11 00:11:04.715000,59878.8,59815.9,7,7
2021-04-11 00:11:04.921000,59878.9,59815.9,7,7
2021-04-11 00:11:05.430000,59878.8,59815.9,7,7
2021-04-11 00:11:06.276000,59878.9,59815.9,7,7
2021-04-11 00:11:08.169000,59878.8,59815.9,7,7
2021-04-11 00:11:08.655000,59878.8,59809.3,7,7
2021-04-11 00:11:09.142000,59878.8,59808.0,7,3
2021-04-11 00:11:09.293000,59873.3,59808.0,7,3
2021-04-11 00:11:09.523000,59873.8,59808.0,7,3
2021-04-11 00:11:10.140000,59873.8,59806.7,7,12
2021-04-11 00:11:10.241000,59874.3,59806.7,7,12
2021-04-11 00:11:10.416000,59879.2,59806.7,7,12
2021-04-11 00:11:10.663000,59879.2,59812.9,7,12
2021-04-11 00:11:11.653000,59879.2,59809.3,7,7
2021-04-11 00:11:12.601000,59878.8,59809.3,7,7
2021-04-11 00:11:12.817000,59879.2,59809.3,7,7
2021-04-11 00:11:13.714000,59878.8,59809.3,7,7
2021-04-11 00:11:15.139000,59878.8,59808.7,7,13
2021-04-11 00:11:15.334000,59879.2,59808.7,7,13
2021-04-11 00:11:15.543000,59878.8,59808.7,7,13
2021-04-11 00:11:15.796000,59879.4,59808.7,7,13
2021-04-11 00:11:16.045000,59879.8,59808.7,7,13
2021-04-11 00:11:17.143000,59879.8,59809.3,7,8
2021-04-11 00:11:17.264000,59880.3,59809.3,7,8
2021-04-11 00:11:17.496000,59880.8,59809.3,7,8
2021-04-11 00:11:17.647000,59880.8,59823.8,7,9
2021-04-11 00:11:18.275000,59881.2,59823.8,7,9
2021-04-11 00:11:18.509000,59881.3,59823.8,7,9
2021-04-11 00:11:18.808000,59882.1,59823.8,7,9
2021-04-11 00:11:19.041000,59883.8,59823.8,7,9
2021-04-11 00:11:19.142000,59883.8,59831.5,7,3
2021-04-11 00:11:19.594000,59884.5,59831.5,7,3
2021-04-11 00:11:19.644000,59884.8,59834.8,7,4
2021-04-11 00:11:19.808000,59885.8,59834.8,7,4
2021-04-11 00:11:20.100000,59886.8,59834.8,7,4
2021-04-11 00:11:20.644000,59886.8,59835.6,7,2
2021-04-11 00:11:21.644000,59891.9,59841.9,7,12
2021-04-11 00:11:22.198000,59929.8,59841.9,7,12
2021-04-11 00:11:22.501000,59930.3,59841.9,7,12
2021-04-11 00:11:22.804000,59916.6,59841.9,7,12
2021-04-11 00:11:23.015000,59938.0,59841.9,11,12
2021-04-11 00:11:23.142000,59938.8,59843.6,7,5
2021-04-11 00:11:23.294000,59939.3,59843.6,7,5
2021-04-11 00:11:23.555000,59939.4,59843.6,7,5
2021-04-11 00:11:23.643000,59939.4,59845.7,7,12
2021-04-11 00:11:23.795000,59940.6,59845.7,7,12
2021-04-11 00:11:24.044000,59926.9,59845.7,7,12
2021-04-11 00:11:24.194000,59926.9,59856.3,7,4
2021-04-11 00:11:24.295000,59945.3,59856.3,7,4
2021-04-11 00:11:24.548000,59947.8,59856.3,7,4
2021-04-11 00:11:24.643000,59947.8,59860.7,7,4
2021-04-11 00:11:24.794000,59949.8,59860.7,7,4
2021-04-11 00:11:25.042000,59951.9,59860.7,7,4
2021-04-11 00:11:25.300000,59953.1,59860.7,7,4
2021-04-11 00:11:25.552000,59953.8,59860.7,7,4
2021-04-11 00:11:25.653000,59953.8,59873.6,7,11
2021-04-11 00:11:25.794000,59954.9,59873.6,7,11
2021-04-11 00:11:26.042000,59955.3,59873.6,7,11
2021-04-11 00:11:26.642000,59955.3,59873.7,7,5
2021-04-11 00:11:27.025000,59955.8,59873.7,7,5
2021-04-11 00:11:27.185000,59955.8,59873.2,7,8
2021-04-11 00:11:27.292000,59955.3,59873.2,7,8
2021-04-11 00:11:27.644000,59955.3,59873.1,7,7
2021-04-11 00:11:28.175000,59955.3,59873.2,7,7
2021-04-11 00:11:28.930000,59953.3,59873.2,7,7
2021-04-11 00:11:29.433000,59950.3,59873.2,7,7
2021-04-11 00:11:29.640000,59950.3,59873.6,7,13
2021-04-11 00:11:29.691000,59950.8,59873.6,7,13
2021-04-11 00:11:30.029000,59951.3,59873.6,7,13
2021-04-11 00:11:30.301000,59951.8,59873.6,7,13
2021-04-11 00:11:30.535000,59952.8,59873.6,7,13
2021-04-11 00:11:30.806000,59953.8,59873.6,7,13
2021-04-11 00:11:31.054000,59954.8,59873.6,7,13
2021-04-11 00:11:31.155000,59954.8,59873.8,7,4
2021-04-11 00:11:31.305000,59955.3,59873.8,7,4
2021-04-11 00:11:31.598000,59956.3,59873.8,7,4
2021-04-11 00:11:31.649000,59956.3,59874.6,7,6
2021-04-11 00:11:31.896000,59956.1,59874.6,7,6
2021-04-11 00:11:32.147000,59956.8,59874.6,7,6
2021-04-11 00:11:32.401000,59956.3,59874.6,7,6
2021-04-11 00:11:32.653000,59955.8,59874.6,7,6
2021-04-11 00:11:32.909000,59956.3,59874.6,7,6
2021-04-11 00:11:33.514000,59956.8,59874.6,7,6
2021-04-11 00:11:33.786000,59957.8,59874.6,7,6
2021-04-11 00:11:34.019000,59957.3,59874.6,7,6
2021-04-11 00:11:34.730000,59955.3,59874.6,7,6
2021-04-11 00:11:34.982000,59954.3,59874.6,7,6
2021-04-11 00:11:35.383000,59953.8,59874.6,7,6
2021-04-11 00:11:35.640000,59954.3,59874.6,7,6
2021-04-11 00:11:36.898000,59954.8,59874.6,7,6
2021-04-11 00:11:37.158000,59954.3,59874.6,7,6
2021-04-11 00:11:37.415000,59953.8,59874.6,7,6
2021-04-11 00:11:37.795000,59954.3,59874.6,7,6
2021-04-11 00:11:38.170000,59955.3,59874.6,7,6
2021-04-11 00:11:38.676000,59955.3,59873.3,7,7
2021-04-11 00:11:39.297000,59956.3,59873.3,7,7
2021-04-11 00:11:39.524000,59955.8,59873.3,7,7
2021-04-11 00:11:39.802000,59956.3,59873.3,7,7
2021-04-11 00:11:40.308000,59956.8,59873.3,7,7
2021-04-11 00:11:40.513000,59957.9,59873.3,7,7
2021-04-11 00:11:40.814000,59958.3,59873.3,7,7
2021-04-11 00:11:41.706000,59959.1,59873.3,7,7
2021-04-11 00:11:41.925000,59959.3,59873.3,7,7
2021-04-11 00:11:42.141000,59959.3,59873.6,7,1
2021-04-11 00:11:42.242000,59959.1,59873.6,7,1
2021-04-11 00:11:42.898000,59959.3,59873.6,7,1
2021-04-11 00:11:43.408000,59959.1,59873.6,7,1
2021-04-11 00:11:43.688000,59959.1,59874.6,7,10
2021-04-11 00:11:45.669000,59959.1,59879.6,7,4
2021-04-11 00:11:46.713000,59958.8,59879.6,7,4
2021-04-11 00:11:46.988000,59958.0,59879.6,7,4
2021-04-11 00:11:47.213000,59959.3,59879.6,7,4
2021-04-11 00:11:47.462000,59957.9,59879.6,7,4
2021-04-11 00:11:47.714000,59958.3,59879.6,7,4
2021-04-11 00:11:48.422000,59959.8,59879.6,7,4
2021-04-11 00:11:49.363000,59958.3,59879.6,7,4
2021-04-11 00:11:49.629000,59959.7,59879.6,7,4
2021-04-11 00:11:49.865000,59959.8,59879.6,7,4
2021-04-11 00:11:50.467000,59960.8,59879.6,7,4
2021-04-11 00:11:51.575000,59961.4,59879.6,7,4
2021-04-11 00:11:53.373000,59970.9,59879.6,7,4
2021-04-11 00:11:53.598000,59971.1,59879.6,7,4
2021-04-11 00:11:56.143000,59971.1,59885.3,7,7
2021-04-11 00:11:56.682000,59971.1,59889.2,7,9
2021-04-11 00:11:56.733000,59972.3,59889.2,7,9
2021-04-11 00:11:57.214000,59972.7,59889.2,7,9
2021-04-11 00:11:57.613000,59972.8,59889.2,7,9
2021-04-11 00:11:58.664000,59972.8,59890.7,7,9
2021-04-11 00:11:59.141000,59972.8,59893.7,7,8
2021-04-11 00:12:04.146000,59972.8,59894.1,7,3
2021-04-11 00:12:04.718000,59972.7,59894.1,7,3
2021-04-11 00:12:05.003000,59972.8,59894.1,7,3
2021-04-11 00:12:05.139000,59972.8,59893.1,7,8
2021-04-11 00:12:05.715000,59971.3,59893.1,7,8
2021-04-11 00:12:06.142000,59971.3,59884.9,7,5
2021-04-11 00:12:06.311000,59970.8,59884.9,7,5
2021-04-11 00:12:06.587000,59968.8,59884.9,7,5
2021-04-11 00:12:06.642000,59968.8,59876.3,7,11
2021-04-11 00:12:07.141000,59968.8,59878.0,7,2
2021-04-11 00:12:07.639000,59968.8,59874.1,7,7
2021-04-11 00:12:08.139000,59968.8,59872.8,7,7
2021-04-11 00:12:08.641000,59968.0,59872.0,6,14
2021-04-11 00:12:09.141000,59968.4,59872.3,10,10
2021-04-11 00:12:10.301000,59968.3,59872.3,7,10
2021-04-11 00:12:11.641000,59968.3,59875.9,7,10
2021-04-11 00:12:12.145000,59968.3,59872.9,7,7
2021-04-11 00:12:12.639000,59968.3,59872.3,7,5
2021-04-11 00:12:13.143000,59968.3,59878.6,7,3
2021-04-11 00:12:13.301000,59968.6,59878.6,7,3
2021-04-11 00:12:13.541000,59968.8,59878.6,7,3
2021-04-11 00:12:13.643000,59968.8,59887.1,7,4
2021-04-11 00:12:13.795000,59970.9,59887.1,7,4
2021-04-11 00:12:14.026000,59972.8,59887.1,7,4
2021-04-11 00:12:14.641000,59972.8,59892.7,7,11
2021-04-11 00:12:15.642000,59972.8,59896.7,7,4
2021-04-11 00:12:17.051000,59972.8,59862.2,9,7
2021-04-11 00:12:17.101000,59972.8,59896.7,7,4
2021-04-11 00:12:18.118000,59973.3,59896.7,7,4
2021-04-11 00:12:18.169000,59973.3,59902.1,7,5
2021-04-11 00:12:20.163000,59973.3,59893.4,7,11
2021-04-11 00:12:20.640000,59973.3,59892.7,7,13
2021-04-11 00:12:21.331000,59971.3,59892.7,7,13
2021-04-11 00:12:21.629000,59972.3,59892.7,7,13
2021-04-11 00:12:21.906000,59972.8,59892.7,7,13
2021-04-11 00:12:22.157000,59971.3,59892.2,7,10
2021-04-11 00:12:22.394000,59972.8,59892.2,7,10
2021-04-11 00:12:22.643000,59972.8,59892.7,7,7
2021-04-11 00:12:23.097000,59973.3,59892.7,7,7
2021-04-11 00:12:23.646000,59973.3,59886.8,7,13
2021-04-11 00:12:24.143000,59973.3,59898.1,7,6
2021-04-11 00:12:24.248000,59973.4,59898.1,7,6
2021-04-11 00:12:24.647000,59973.4,59899.8,7,8
2021-04-11 00:12:25.600000,59973.3,59899.8,7,8
2021-04-11 00:12:25.880000,59973.4,59899.8,7,8
2021-04-11 00:12:26.182000,59973.4,59899.4,7,12
2021-04-11 00:12:27.203000,59973.3,59899.4,7,12
2021-04-11 00:12:28.212000,59973.4,59899.4,7,12
2021-04-11 00:12:28.639000,59973.4,59899.8,7,10
2021-04-11 00:12:28.812000,59973.9,59899.8,7,10
2021-04-11 00:12:29.092000,59973.8,59899.8,7,10
2021-04-11 00:12:31.232000,59973.9,59899.8,7,10
2021-04-11 00:12:31.519000,59974.3,59899.8,7,10
2021-04-11 00:12:32.683000,59974.3,59903.0,7,8
2021-04-11 00:12:36.141000,59974.3,59909.1,7,9
2021-04-11 00:12:36.294000,59961.9,59909.1,7,9
2021-04-11 00:12:36.510000,59979.9,59909.1,7,9
2021-04-11 00:12:36.661000,59979.9,59912.8,7,12
2021-04-11 00:12:36.791000,59980.2,59912.8,7,12
2021-04-11 00:12:37.014000,59979.9,59912.8,7,12
2021-04-11 00:12:37.139000,59979.9,59918.7,7,11
2021-04-11 00:12:37.291000,59980.0,59918.7,7,11
2021-04-11 00:12:39.274000,59979.8,59918.7,7,11
2021-04-11 00:12:39.534000,59980.0,59918.7,7,11
2021-04-11 00:12:41.140000,59980.0,59912.3,7,12
2021-04-11 00:12:41.638000,59979.8,59912.3,7,12
2021-04-11 00:12:41.898000,59980.2,59912.3,7,12
2021-04-11 00:12:42.140000,59980.2,59921.9,7,12
2021-04-11 00:12:43.141000,59980.2,59926.5,7,10
2021-04-11 00:12:44.403000,59981.3,59926.5,7,10
2021-04-11 00:12:44.613000,59981.7,59926.5,7,10
2021-04-11 00:12:45.144000,59981.7,59926.7,7,9
2021-04-11 00:12:46.640000,59983.8,59933.8,7,5
2021-04-11 00:12:47.142000,59985.7,59935.7,7,11
2021-04-11 00:12:47.293000,59982.5,59932.5,7,11
2021-04-11 00:12:47.545000,59983.3,59933.3,7,11
2021-04-11 00:12:47.803000,59983.8,59933.8,7,11
2021-04-11 00:12:48.043000,59987.1,59935.7,7,11
2021-04-11 00:12:48.308000,59987.8,59935.7,7,11
2021-04-11 00:12:48.953000,59976.1,59926.1,7,11
2021-04-11 00:12:49.228000,59987.8,59935.7,7,11
2021-04-11 00:12:49.453000,59996.8,59935.7,7,11
2021-04-11 00:12:49.751000,59995.3,59935.7,7,11
2021-04-11 00:12:50.028000,59996.8,59935.7,7,11
2021-04-11 00:12:50.348000,60021.8,59935.7,7,11
2021-04-11 00:12:50.635000,60022.3,59935.7,7,11
2021-04-11 00:12:50.879000,60022.8,59935.7,7,11
2021-04-11 00:12:51.191000,60022.8,59940.7,7,8
2021-04-11 00:12:51.241000,60023.8,59940.7,7,8
2021-04-11 00:12:51.640000,60023.8,59938.7,7,10
2021-04-11 00:12:53.643000,60023.8,59939.7,7,8
2021-04-11 00:12:54.643000,60023.8,59934.7,7,14
2021-04-11 00:12:55.146000,60021.9,59925.8,3,12
2021-04-11 00:12:56.147000,60022.4,59926.3,13,3
2021-04-11 00:12:56.698000,60015.8,59926.3,7,3
2021-04-11 00:12:56.938000,60018.3,59926.3,7,3
2021-04-11 00:12:57.207000,60018.8,59926.3,7,3
2021-04-11 00:12:57.458000,60019.3,59926.3,7,3
2021-04-11 00:12:57.644000,60019.3,59931.2,7,7
2021-04-11 00:12:57.815000,60019.8,59931.2,7,7
2021-04-11 00:12:58.040000,60020.3,59931.2,7,7
2021-04-11 00:12:58.301000,60020.8,59931.2,7,7
2021-04-11 00:12:58.603000,60021.3,59931.2,7,7
2021-04-11 00:12:59.523000,60019.3,59931.2,7,7
2021-04-11 00:13:00.141000,60019.3,59929.5,7,10
2021-04-11 00:13:00.910000,60019.8,59929.5,7,10
2021-04-11 00:13:01.203000,60016.3,59929.5,7,10
2021-04-11 00:13:01.447000,60016.8,59929.5,7,10
2021-04-11 00:13:02.896000,60016.3,59929.5,7,12
2021-04-11 00:13:03.123000,60014.8,59929.5,7,12
2021-04-11 00:13:03.376000,60015.3,59929.5,7,12
2021-04-11 00:13:03.622000,60015.8,59929.5,7,12
2021-04-11 00:13:04.111000,60016.3,59929.5,7,12
2021-04-11 00:13:04.242000,60016.3,59926.6,7,12
2021-04-11 00:13:04.898000,60016.8,59926.6,7,12
2021-04-11 00:13:05.202000,60017.8,59926.6,7,12
2021-04-11 00:13:05.422000,60018.3,59926.6,7,12
2021-04-11 00:13:06.144000,60018.3,59929.4,7,10
2021-04-11 00:13:06.295000,60018.8,59929.4,7,10
2021-04-11 00:13:06.520000,60019.3,59929.4,7,10
2021-04-11 00:13:06.802000,60016.3,59929.4,7,10
2021-04-11 00:13:07.718000,60016.8,59929.4,7,10
2021-04-11 00:13:07.997000,60018.3,59929.4,7,10
2021-04-11 00:13:08.140000,60018.3,59928.9,7,6
2021-04-11 00:13:08.223000,60019.3,59928.9,7,6
2021-04-11 00:13:08.494000,60020.3,59928.9,7,6
2021-04-11 00:13:09.508000,60019.3,59928.9,7,6
2021-04-11 00:13:10.115000,60019.8,59928.9,7,6
2021-04-11 00:13:10.358000,60020.3,59928.9,7,6
2021-04-11 00:13:10.621000,60016.8,59928.9,7,6
2021-04-11 00:13:10.829000,60017.3,59928.9,7,6
2021-04-11 00:13:11.095000,60017.8,59928.9,7,6
2021-04-11 00:13:11.349000,60018.1,59928.9,7,6
2021-04-11 00:13:12.666000,60018.1,59931.2,7,9
2021-04-11 00:13:14.012000,60018.3,59931.2,7,9
2021-04-11 00:13:14.231000,60019.8,59931.2,7,9
2021-04-11 00:13:14.517000,60020.3,59931.2,7,9
2021-04-11 00:13:14.732000,60020.8,59931.2,7,9
2021-04-11 00:13:15.021000,60021.3,59931.2,7,9
2021-04-11 00:13:15.985000,60021.8,59931.2,7,9
2021-04-11 00:13:17.658000,60021.8,59937.0,7,4
2021-04-11 00:13:18.644000,60021.8,59938.5,7,2
2021-04-11 00:13:20.217000,60021.8,59937.5,7,13
2021-04-11 00:13:20.648000,60021.8,59936.6,7,4
2021-04-11 00:13:21.144000,60021.8,59936.0,7,10
2021-04-11 00:13:21.194000,60020.8,59936.0,7,10
2021-04-11 00:13:21.644000,60020.8,59932.3,7,7
2021-04-11 00:13:23.142000,60016.0,59919.9,10,13
2021-04-11 00:13:24.140000,60020.3,59924.2,10,11
2021-04-11 00:13:24.639000,60020.8,59925.2,7,11
2021-04-11 00:13:25.141000,60019.7,59923.6,13,2
2021-04-11 00:13:25.641000,60020.8,59930.8,7,6
2021-04-11 00:13:26.142000,60020.8,59929.9,7,12
2021-04-11 00:13:26.642000,60019.3,59923.2,7,10
2021-04-11 00:13:27.142000,60020.8,59926.0,7,4
2021-04-11 00:13:28.949000,60020.8,59910.2,9,7
2021-04-11 00:13:28.999000,60020.8,59926.0,7,4
2021-04-11 00:13:29.177000,60020.6,59924.5,11,7
2021-04-11 00:13:31.640000,60020.8,59929.4,7,4
2021-04-11 00:13:33.643000,60020.8,59932.3,7,8
2021-04-11 00:13:35.640000,60020.8,59937.8,7,10
2021-04-11 00:13:39.642000,60020.8,59937.9,7,7
2021-04-11 00:13:40.142000,60020.8,59938.5,7,7
2021-04-11 00:13:41.140000,60020.8,59939.6,7,11
2021-04-11 00:13:42.141000,60020.8,59942.7,7,12
2021-04-11 00:13:42.939000,60020.9,59942.7,7,12
2021-04-11 00:13:43.140000,60020.9,59949.3,7,8
2021-04-11 00:13:43.543000,60021.8,59949.3,7,8
2021-04-11 00:13:43.799000,60022.2,59949.3,7,8
2021-04-11 00:13:44.642000,60022.2,59951.2,7,8
2021-04-11 00:13:46.673000,60022.2,59952.1,7,10
2021-04-11 00:13:47.145000,60022.2,59951.2,7,1
2021-04-11 00:13:48.140000,60022.2,59952.1,7,2
2021-04-11 00:13:50.141000,60022.2,59951.2,7,5
2021-04-11 00:13:51.909000,60021.8,59951.2,7,5
2021-04-11 00:13:52.218000,60022.2,59951.2,7,5
2021-04-11 00:13:52.665000,60022.2,59952.1,7,14
2021-04-11 00:13:53.655000,60022.2,59959.2,7,4
2021-04-11 00:13:54.646000,60022.2,59960.5,7,13
2021-04-11 00:13:57.142000,60022.2,59960.9,7,9
2021-04-11 00:13:58.642000,60022.2,59963.0,7,7
2021-04-11 00:14:00.126000,60022.1,59963.0,7,7
2021-04-11 00:14:00.644000,60022.2,59963.0,7,7
2021-04-11 00:14:03.188000,60022.2,59963.9,7,6
2021-04-11 00:14:05.159000,60022.2,59959.0,7,10
2021-04-11 00:14:05.644000,60022.2,59951.8,7,9
2021-04-11 00:14:11.661000,60022.2,59950.1,7,10
2021-04-11 00:14:12.301000,60021.8,59950.1,7,10
2021-04-11 00:14:12.504000,60022.1,59950.1,7,10
2021-04-11 00:14:14.876000,60022.2,59950.1,7,10
2021-04-11 00:14:15.642000,60022.2,59960.8,7,4
2021-04-11 00:14:17.207000,60022.1,59960.8,7,4
2021-04-11 00:14:17.434000,60022.2,59960.8,7,4
2021-04-11 00:14:18.641000,60022.2,59965.5,7,7
2021-04-11 00:14:19.437000,60022.1,59965.5,7,7
2021-04-11 00:14:19.685000,60022.1,59966.6,7,6
2021-04-11 00:14:19.735000,60022.8,59966.6,7,6
2021-04-11 00:14:19.935000,60023.0,59966.6,7,6
2021-04-11 00:14:20.732000,60023.8,59966.6,7,6
2021-04-11 00:14:21.056000,60025.1,59966.6,7,6
2021-04-11 00:14:21.313000,60019.9,59966.6,7,6
2021-04-11 00:14:21.540000,60027.8,59966.6,7,6
2021-04-11 00:14:21.690000,60027.8,59968.7,7,3
2021-04-11 00:14:21.792000,60035.8,59968.7,7,3
2021-04-11 00:14:22.044000,60036.2,59968.7,7,3
2021-04-11 00:14:22.144000,60036.2,59983.2,7,6
2021-04-11 00:14:24.140000,60038.8,59988.8,7,10
2021-04-11 00:14:26.144000,60041.9,59991.9,7,7
2021-04-11 00:14:26.502000,60036.3,59986.3,7,7
2021-04-11 00:14:26.905000,60033.6,59983.6,7,7
2021-04-11 00:14:27.152000,60041.2,59991.2,7,7
2021-04-11 00:14:27.410000,60041.3,59991.3,7,7
2021-04-11 00:14:27.921000,60041.8,59991.8,7,7
2021-04-11 00:14:28.144000,60048.8,59998.8,7,3
2021-04-11 00:14:29.644000,60053.3,60003.3,7,10
2021-04-11 00:14:31.111000,60042.2,59992.2,7,10
2021-04-11 00:14:32.425000,60072.2,60003.3,7,10
2021-04-11 00:14:32.640000,60072.2,60004.8,7,10
2021-04-11 00:14:34.509000,60072.1,60004.8,7,10
2021-04-11 00:14:34.736000,60071.8,60004.8,7,10
2021-04-11 00:14:35.143000,60071.8,59996.0,7,4
2021-04-11 00:14:35.644000,60071.8,59989.0,7,6
2021-04-11 00:14:36.144000,60071.8,59987.7,7,10
2021-04-11 00:14:36.643000,60071.8,59984.3,7,4
2021-04-11 00:14:37.184000,60071.8,59989.1,7,4
2021-04-11 00:14:37.642000,60071.8,59989.5,7,8
2021-04-11 00:14:38.644000,60071.8,59983.0,7,8
2021-04-11 00:14:40.641000,60072.2,59983.0,7,8
2021-04-11 00:14:40.692000,60072.2,59990.3,7,7
2021-04-11 00:14:41.149000,60072.2,59992.3,7,4
2021-04-11 00:14:42.652000,60074.8,59992.3,7,4
2021-04-11 00:14:43.164000,60077.3,60011.2,7,9
2021-04-11 00:14:43.643000,60077.3,60019.1,7,12
2021-04-11 00:14:44.147000,60077.3,60020.1,7,6
2021-04-11 00:14:44.395000,60077.7,60020.1,7,6
2021-04-11 00:14:45.152000,60092.8,60020.1,7,6
2021-04-11 00:14:45.354000,60093.3,60020.1,7,6
2021-04-11 00:14:45.641000,60093.3,60020.8,7,8
2021-04-11 00:14:46.704000,60093.8,60020.8,7,8
2021-04-11 00:14:47.642000,60093.8,60035.0,7,9
2021-04-11 00:14:49.058000,60085.0,60035.0,7,9
2021-04-11 00:14:49.306000,60098.3,60035.0,7,9
2021-04-11 00:14:49.524000,60098.5,60035.0,7,9
2021-04-11 00:14:51.458000,60098.8,60035.0,7,9
2021-04-11 00:14:51.665000,60098.8,60047.9,7,8
2021-04-11 00:14:52.198000,60102.8,60047.9,7,8
2021-04-11 00:14:52.419000,60106.9,60047.9,7,8
2021-04-11 00:14:52.699000,60107.5,60047.9,7,8
2021-04-11 00:14:52.916000,60108.8,60047.9,7,8
2021-04-11 00:14:53.165000,60109.2,60047.9,7,8
2021-04-11 00:14:53.419000,60109.8,60047.9,7,8
2021-04-11 00:14:53.689000,60109.8,60055.2,7,4
2021-04-11 00:14:54.240000,60112.3,60055.2,7,4
2021-04-11 00:14:54.680000,60111.3,60055.2,7,4
2021-04-11 00:14:54.923000,60113.3,60055.2,7,4
2021-04-11 00:14:55.212000,60113.4,60055.2,7,4
2021-04-11 00:14:55.671000,60123.0,60073.0,7,12
2021-04-11 00:14:56.140000,60128.2,60078.2,7,4
2021-04-11 00:14:57.603000,60113.7,60063.7,7,4
2021-04-11 00:14:57.659000,60131.6,60081.6,7,10
2021-04-11 00:14:58.499000,60113.8,60063.8,7,10
2021-04-11 00:14:59.302000,60115.2,60065.2,7,10
2021-04-11 00:15:06.144000,60137.8,60087.8,7,12
2021-04-11 00:15:06.640000,60139.7,60089.7,7,12
2021-04-11 00:15:07.143000,60141.9,60091.9,7,2
2021-04-11 00:15:09.643000,60139.1,60089.1,7,5
2021-04-11 00:15:10.139000,60137.8,60087.8,7,6
2021-04-11 00:15:10.414000,60161.0,60087.8,7,6
2021-04-11 00:15:11.642000,60161.0,60087.2,7,10
2021-04-11 00:15:12.174000,60161.0,60081.6,7,7
2021-04-11 00:15:12.643000,60161.0,60090.7,7,4
2021-04-11 00:15:13.164000,60161.0,60088.8,7,10
2021-04-11 00:15:13.643000,60161.0,60087.8,7,7
2021-04-11 00:15:14.155000,60161.0,60085.1,7,4
2021-04-11 00:15:14.644000,60161.0,60087.8,7,4
2021-04-11 00:15:15.153000,60161.0,60077.7,7,4
2021-04-11 00:15:15.642000,60161.0,60071.6,7,4
2021-04-11 00:15:16.146000,60161.0,60068.5,7,3
2021-04-11 00:15:16.466000,60160.6,60068.5,7,3
2021-04-11 00:15:16.643000,60160.6,60066.6,7,10
2021-04-11 00:15:17.147000,60160.6,60065.3,7,7
2021-04-11 00:15:18.153000,60144.8,60049.9,7,7
2021-04-11 00:15:18.642000,60140.5,60049.9,7,7
2021-04-11 00:15:18.778000,60140.5,60045.4,7,7
2021-04-11 00:15:19.011000,60140.5,60044.4,7,7
2021-04-11 00:15:20.643000,60135.9,60039.8,2,9
2021-04-11 00:15:21.144000,60129.9,60039.4,3,7
2021-04-11 00:15:21.643000,60131.5,60039.4,2,7
2021-04-11 00:15:21.748000,60131.5,60035.4,2,10
2021-04-11 00:15:22.147000,60126.8,60032.9,10,7
2021-04-11 00:15:22.241000,60126.8,60031.9,10,7
2021-04-11 00:15:22.544000,60126.8,60030.9,10,7
2021-04-11 00:15:22.644000,60119.3,60030.9,13,7
2021-04-11 00:15:22.838000,60119.3,60029.9,13,7
2021-04-11 00:15:23.119000,60119.3,60026.9,13,7
2021-04-11 00:15:23.616000,60119.3,60024.9,13,7
2021-04-11 00:15:23.666000,60112.3,60024.9,12,7
2021-04-11 00:15:24.144000,60108.3,60024.9,10,7
2021-04-11 00:15:24.640000,60108.7,60024.9,6,7
2021-04-11 00:15:25.640000,60108.9,60024.9,4,7
2021-04-11 00:15:26.140000,60109.1,60024.9,8,7
2021-04-11 00:15:27.141000,60113.4,60024.9,4,7
2021-04-11 00:15:27.191000,60113.4,60033.6,4,7
2021-04-11 00:15:27.420000,60113.4,60034.0,4,7
2021-04-11 00:15:28.352000,60113.4,60035.4,4,7
2021-04-11 00:15:29.139000,60120.7,60035.4,13,7
2021-04-11 00:15:29.596000,60120.7,60035.8,13,7
2021-04-11 00:15:29.925000,60120.7,60038.5,13,7
2021-04-11 00:15:30.142000,60126.1,60038.5,11,7
2021-04-11 00:15:30.497000,60126.1,60042.1,11,7
2021-04-11 00:15:30.805000,60126.1,60041.7,10,7
2021-04-11 00:15:31.098000,60126.1,60045.7,10,7
2021-04-11 00:15:31.345000,60126.1,60046.2,4,7
2021-04-11 00:15:31.598000,60126.1,60047.8,4,7
2021-04-11 00:15:31.649000,60136.2,60047.8,4,7
2021-04-11 00:15:31.805000,60136.2,60051.8,4,7
2021-04-11 00:15:32.140000,60140.8,60051.8,10,7
2021-04-11 00:15:32.644000,60140.0,60051.8,11,7
2021-04-11 00:15:32.913000,60140.0,60051.1,11,7
2021-04-11 00:15:33.144000,60127.2,60051.1,13,7
2021-04-11 00:15:33.245000,60127.2,60051.8,13,7
2021-04-11 00:15:33.821000,60127.2,60047.8,13,7
2021-04-11 00:15:34.234000,60127.2,60043.3,13,7
2021-04-11 00:15:34.502000,60127.2,60042.2,13,7
2021-04-11 00:15:34.652000,60126.9,60042.2,12,7
2021-04-11 00:15:34.733000,60126.9,60041.8,12,7
2021-04-11 00:15:35.003000,60126.9,60041.5,12,7
2021-04-11 00:15:35.142000,60120.2,60041.5,9,7
2021-04-11 00:15:35.333000,60120.2,60041.2,9,7
2021-04-11 00:15:36.144000,60122.9,60041.2,10,7
2021-04-11 00:15:36.407000,60122.9,60041.5,10,7
2021-04-11 00:15:36.648000,60123.2,60041.5,7,7
2021-04-11 00:15:36.946000,60123.2,60041.9,7,7
2021-04-11 00:15:37.200000,60123.2,60041.7,7,7
2021-04-11 00:15:37.426000,60123.2,60041.6,7,7
2021-04-11 00:15:37.643000,60126.1,60041.6,10,7
2021-04-11 00:15:37.768000,60126.1,60041.7,10,7
2021-04-11 00:15:39.512000,60126.1,60039.7,10,7
2021-04-11 00:15:39.663000,60124.9,60039.7,12,7
2021-04-11 00:15:39.793000,60124.9,60036.2,12,7
2021-04-11 00:15:40.011000,60124.9,60038.2,12,7
2021-04-11 00:15:40.300000,60124.9,60036.5,12,7
2021-04-11 00:15:40.512000,60124.9,60030.1,12,7
2021-04-11 00:15:40.643000,60121.3,60030.1,10,7
2021-04-11 00:15:40.794000,60121.3,60030.2,10,7
2021-04-11 00:15:41.610000,60121.3,60029.3,10,7
2021-04-11 00:15:41.661000,60105.2,60029.3,9,7
2021-04-11 00:15:41.825000,60105.2,60021.3,9,7
2021-04-11 00:15:42.094000,60105.2,60014.3,9,7
2021-04-11 00:15:42.145000,60098.3,60014.3,8,7
2021-04-11 00:15:42.326000,60098.3,60013.3,8,7
2021-04-11 00:15:42.639000,60098.0,60013.3,8,7
2021-04-11 00:15:42.873000,60098.0,60010.8,8,7
2021-04-11 00:15:43.093000,60098.0,60008.8,8,7
2021-04-11 00:15:43.144000,60093.3,60008.8,8,7
2021-04-11 00:15:43.325000,60093.3,60003.8,8,7
2021-04-11 00:15:43.593000,60093.3,60004.4,8,7
2021-04-11 00:15:43.744000,60084.8,60004.4,12,7
2021-04-11 00:15:43.863000,60084.8,60010.1,12,7
2021-04-11 00:15:44.098000,60084.8,60009.1,12,7
2021-04-11 00:15:44.149000,60093.9,60009.1,13,7
2021-04-11 00:15:44.326000,60093.9,60010.8,13,7
2021-04-11 00:15:44.597000,60093.9,60013.2,13,7
2021-04-11 00:15:44.647000,60095.0,60013.2,11,7
2021-04-11 00:15:44.854000,60095.0,60013.7,11,7
2021-04-11 00:15:45.096000,60095.0,60015.2,11,7
2021-04-11 00:15:45.146000,60097.4,60015.2,4,7
2021-04-11 00:15:45.393000,60097.4,60002.9,4,7
2021-04-11 00:15:45.596000,60097.4,60005.4,4,7
2021-04-11 00:15:45.646000,60097.9,60005.4,5,7
2021-04-11 00:15:45.843000,60097.9,60005.9,5,7
2021-04-11 00:15:46.173000,60105.0,60008.9,4,8
2021-04-11 00:15:47.154000,60099.0,60003.4,8,7
2021-04-11 00:15:47.340000,60099.0,60002.9,8,9
2021-04-11 00:15:48.154000,60090.5,60000.4,4,7
2021-04-11 00:15:48.204000,60090.5,59998.9,4,7
2021-04-11 00:15:48.483000,60090.5,59998.4,4,7
2021-04-11 00:15:48.900000,60090.5,59995.4,4,7
2021-04-11 00:15:49.153000,60090.5,59994.4,4,13
2021-04-11 00:15:49.643000,60088.4,59993.9,4,7
2021-04-11 00:15:49.744000,60088.4,59994.4,4,7
2021-04-11 00:15:50.097000,60088.4,59992.9,4,7
2021-04-11 00:15:50.147000,60085.0,59992.9,6,7
2021-04-11 00:15:50.340000,60085.0,59992.0,6,7
2021-04-11 00:15:50.596000,60085.0,59992.5,6,7
2021-04-11 00:15:50.743000,60083.7,59992.5,14,7
2021-04-11 00:15:51.146000,60084.9,59992.5,11,7
2021-04-11 00:15:51.293000,60084.9,59993.0,11,7
2021-04-11 00:15:51.543000,60084.9,59993.5,11,7
2021-04-11 00:15:51.644000,60084.2,59993.5,3,7
2021-04-11 00:15:51.834000,60084.2,59994.0,3,7
2021-04-11 00:15:52.041000,60084.2,59994.5,3,7
2021-04-11 00:15:52.142000,60084.8,59994.5,8,7
2021-04-11 00:15:52.298000,60084.8,59995.0,8,7
2021-04-11 00:15:52.824000,60084.8,59995.5,8,7
2021-04-11 00:15:54.146000,60085.0,59995.5,11,7
2021-04-11 00:15:54.293000,60085.0,59995.9,11,7
2021-04-11 00:15:54.641000,60088.2,59995.9,13,7
2021-04-11 00:15:54.692000,60088.2,59996.5,13,7
2021-04-11 00:15:54.905000,60088.2,59999.5,13,7
2021-04-11 00:15:55.144000,60094.1,59999.5,10,7
2021-04-11 00:15:55.194000,60094.1,60001.5,10,7
2021-04-11 00:15:55.446000,60094.1,60003.0,10,7
2021-04-11 00:15:55.700000,60094.1,60004.0,10,7
2021-04-11 00:15:56.077000,60094.1,60004.5,10,7
2021-04-11 00:15:56.406000,60094.1,60006.0,10,7
2021-04-11 00:15:56.642000,60106.0,60009.9,12,7
2021-04-11 00:15:58.639000,60102.6,60006.5,7,7
2021-04-11 00:16:00.643000,60094.5,60002.0,7,7
2021-04-11 00:16:00.693000,60094.5,60000.5,7,7
2021-04-11 00:16:00.942000,60094.5,60001.5,7,7
2021-04-11 00:16:01.141000,60092.2,60001.5,10,7
2021-04-11 00:16:01.192000,60092.2,60001.0,10,7
2021-04-11 00:16:02.141000,60091.9,60001.0,8,7
2021-04-11 00:16:02.293000,60091.9,60000.5,8,7
2021-04-11 00:16:02.679000,60087.4,60000.5,13,7
2021-04-11 00:16:02.730000,60087.4,59996.0,13,7
2021-04-11 00:16:03.143000,60081.5,59996.0,5,7
2021-04-11 00:16:03.670000,60078.3,59996.0,7,7
2021-04-11 00:16:03.817000,60078.3,59992.5,7,7
2021-04-11 00:16:04.095000,60078.3,59991.0,7,7
2021-04-11 00:16:04.425000,60078.3,59991.5,7,7
2021-04-11 00:16:04.660000,60086.9,59991.5,13,7
2021-04-11 00:16:04.760000,60086.9,59991.0,13,7
2021-04-11 00:16:04.925000,60086.9,59991.5,13,7
2021-04-11 00:16:05.195000,60086.9,59992.0,13,7
2021-04-11 00:16:05.424000,60086.9,59992.5,13,7
2021-04-11 00:16:05.700000,60086.9,59993.0,13,7
2021-04-11 00:16:05.925000,60086.9,59994.0,13,7
2021-04-11 00:16:06.145000,60092.2,59996.1,10,7
2021-04-11 00:16:06.705000,60092.2,59999.5,10,7
2021-04-11 00:16:06.970000,60092.2,59997.0,10,7
2021-04-11 00:16:07.142000,60096.3,60000.2,5,10
2021-04-11 00:16:09.142000,60092.2,59997.5,9,7
2021-04-11 00:16:09.797000,60092.2,59996.1,9,12
2021-04-11 00:16:10.534000,60092.2,59998.3,9,7
2021-04-11 00:16:12.802000,60092.2,59999.5,4,7
2021-04-11 00:16:13.215000,60102.2,60006.1,7,11
2021-04-11 00:16:13.645000,60102.7,60006.6,7,6
2021-04-11 00:16:15.142000,60100.3,60004.3,9,2
2021-04-11 00:16:16.640000,60099.3,60003.2,9,11
2021-04-11 00:16:19.153000,60101.6,60005.5,12,10
2021-04-11 00:16:21.689000,60112.5,60017.3,7,13
2021-04-11 00:16:22.301000,60113.4,60017.3,4,13
2021-04-11 00:16:26.185000,60116.9,60020.8,10,7
2021-04-11 00:16:26.643000,60117.0,60028.2,7,11
2021-04-11 00:16:28.643000,60117.0,60029.4,7,9
2021-04-11 00:16:29.299000,60125.2,60029.4,7,9
2021-04-11 00:16:29.523000,60125.5,60029.4,13,9
2021-04-11 00:16:30.168000,60130.7,60037.7,7,7
2021-04-11 00:16:31.203000,60131.7,60037.7,7,7
2021-04-11 00:16:31.454000,60132.2,60037.7,7,7
2021-04-11 00:16:31.707000,60132.1,60037.7,7,7
2021-04-11 00:16:31.922000,60132.2,60037.7,7,7
2021-04-11 00:16:32.298000,60131.7,60037.7,7,9
2021-04-11 00:16:32.809000,60127.7,60037.7,7,9
