2021-04-28 00:00:00.405000,4188.761,4188.048,2250,3140
2021-04-28 00:00:00.456000,4189.058,4188.399,2250,2250
2021-04-28 00:00:10.038000,4188.749,4188.033,2250,3140
2021-04-28 00:00:10.088000,4188.758,4188.054,2250,2250
2021-04-28 00:00:13.294000,4188.549,4187.848,2250,3140
2021-04-28 00:00:13.345000,4188.561,4187.851,2250,2250
2021-04-28 00:00:18.295000,4188.249,4187.551,2250,3140
2021-04-28 00:00:18.345000,4188.252,4187.533,2250,2250
2021-04-28 00:00:19.091000,4188.058,4187.348,2250,3140
2021-04-28 00:00:19.141000,4188.061,4187.399,2250,2250
2021-04-28 00:00:27.885000,4187.749,4187.051,2250,3140
2021-04-28 00:00:27.935000,4187.701,4187.042,2250,2250
2021-04-28 00:00:28.367000,4187.757,4187.236,460,2250
2021-04-28 00:00:28.418000,4187.949,4187.233,2250,2250
2021-04-28 00:00:28.529000,4187.951,4187.354,460,2250
2021-04-28 00:00:28.579000,4188.061,4187.399,2250,2250
2021-04-28 00:00:32.752000,4188.046,4187.351,2250,3140
2021-04-28 00:00:32.803000,4188.255,4187.533,2250,2250
2021-04-28 00:00:38.998000,4188.501,4187.833,2250,2250
2021-04-28 00:00:55.902000,4188.558,4187.839,2250,3140
2021-04-28 00:00:55.952000,4188.758,4188.054,2250,2250
2021-04-28 00:01:01.827000,4188.566,4188.036,460,2250
2021-04-28 00:01:01.877000,4188.561,4187.899,2250,2250
2021-04-28 00:01:04.083000,4188.567,4187.845,2250,3140
2021-04-28 00:01:04.133000,4188.749,4188.054,2250,2250
2021-04-28 00:01:04.646000,4188.667,4187.945,2250,3140
2021-04-28 00:01:04.696000,4188.658,4187.933,2250,2250
2021-04-28 00:01:04.809000,4188.603,4188.033,460,2250
2021-04-28 00:01:04.859000,4188.752,4188.042,2250,2250
2021-04-28 00:01:06.396000,4188.567,4187.854,2250,3140
2021-04-28 00:01:06.446000,4188.564,4187.839,2250,2250
2021-04-28 00:01:15.367000,4188.201,4187.539,2250,3140
2021-04-28 00:01:15.418000,4188.255,4187.542,2250,2250
2021-04-28 00:01:20.956000,4188.054,4187.533,460,2250
2021-04-28 00:01:21.006000,4188.067,4187.354,2250,2250
2021-04-28 00:01:21.479000,4188.06,4187.542,460,2250
2021-04-28 00:01:21.529000,4188.246,4187.542,2250,2250
2021-04-28 00:01:39.735000,4188.549,4187.854,2250,2250
2021-04-28 00:01:40.174000,4188.251,4187.833,460,2250
2021-04-28 00:01:40.225000,4188.264,4187.548,2250,2250
2021-04-28 00:01:42.465000,4188.258,4187.548,2250,3140
2021-04-28 00:01:42.516000,4188.549,4187.854,2250,2250
2021-04-28 00:01:49.253000,4188.548,4188.039,460,2250
2021-04-28 00:01:49.304000,4188.761,4188.042,2250,2250
2021-04-28 00:01:57.886000,4189.058,4188.339,2250,2250
2021-04-28 00:01:59.205000,4188.701,4188.039,2250,2250
2021-04-28 00:02:01.678000,4188.763,4188.339,460,2250
2021-04-28 00:02:01.728000,4189.001,4188.345,2250,2250
2021-04-28 00:02:01.847000,4188.749,4188.033,2250,2250
2021-04-28 00:02:10.566000,4188.758,4188.039,2250,3140
2021-04-28 00:02:10.616000,4189.001,4188.399,2250,2250
2021-04-28 00:02:12.927000,4189.048,4188.545,460,2250
2021-04-28 00:02:12.978000,4189.267,4188.539,2250,2250
2021-04-28 00:02:20.003000,4189.567,4188.842,2250,2250
2021-04-28 00:02:20.465000,4189.258,4188.599,2250,3140
2021-04-28 00:02:20.515000,4189.261,4188.542,2250,2250
2021-04-28 00:02:21.323000,4189.501,4188.854,2250,2250
2021-04-28 00:02:31.269000,4189.551,4189.042,460,2250
2021-04-28 00:02:31.319000,4189.746,4189.036,2250,2250
2021-04-28 00:03:13.162000,4189.501,4188.899,2250,3140
2021-04-28 00:03:13.213000,4189.555,4188.854,2250,2250
2021-04-28 00:03:13.483000,4189.563,4189.051,460,2250
2021-04-28 00:03:13.533000,4189.767,4189.033,2250,2250
2021-04-28 00:03:22.246000,4189.552,4188.839,2250,3140
2021-04-28 00:03:22.296000,4189.558,4188.851,2250,2250
2021-04-28 00:03:39.153000,4189.548,4189.033,460,2250
2021-04-28 00:03:39.203000,4189.746,4189.099,2250,2250
2021-04-28 00:03:39.821000,4189.546,4188.851,2250,3140
2021-04-28 00:03:39.872000,4189.558,4188.854,2250,2250
2021-04-28 00:03:42.386000,4189.563,4189.033,460,2250
2021-04-28 00:03:42.437000,4189.758,4189.054,2250,2250
2021-04-28 00:04:01.105000,4189.567,4188.899,2250,3140
2021-04-28 00:04:01.155000,4189.549,4188.845,2250,2250
2021-04-28 00:04:05.721000,4189.569,4189.045,460,2250
2021-04-28 00:04:05.771000,4189.767,4189.033,2250,2250
2021-04-28 00:04:11.846000,4189.703,4189.354,460,2250
2021-04-28 00:04:11.896000,4190.058,4189.342,2250,2250
2021-04-28 00:04:12.010000,4189.764,4189.033,2250,3140
2021-04-28 00:04:12.060000,4189.755,4189.042,2250,2250
2021-04-28 00:04:13.083000,4189.754,4189.333,460,2250
2021-04-28 00:04:13.133000,4190.064,4189.333,2250,2250
2021-04-28 00:04:38.503000,4189.761,4189.051,2250,3140
2021-04-28 00:04:38.553000,4189.761,4189.033,2250,2250
2021-04-28 00:04:47.349000,4189.766,4189.351,460,2250
2021-04-28 00:04:47.399000,4190.052,4189.348,2250,2250
2021-04-28 00:05:04.956000,4189.967,4189.299,2250,3140
2021-04-28 00:05:05.006000,4189.955,4189.233,2250,2250
2021-04-28 00:05:05.303000,4189.751,4189.242,460,2250
2021-04-28 00:05:05.354000,4189.758,4189.033,2250,2250
2021-04-28 00:05:43.229000,4189.749,4189.051,2250,3140
2021-04-28 00:05:43.279000,4190.067,4189.351,2250,2250
2021-04-28 00:05:45.003000,4189.764,4189.099,2250,2250
2021-04-28 00:05:45.923000,4189.769,4189.348,460,2250
2021-04-28 00:05:45.973000,4190.001,4189.333,2250,2250
2021-04-28 00:06:02.537000,4190.069,4189.436,460,2250
2021-04-28 00:06:02.587000,4190.149,4189.433,2250,2250
2021-04-28 00:06:02.713000,4190.161,4189.454,2250,3140
2021-04-28 00:06:02.764000,4190.255,4189.545,2250,2250
2021-04-28 00:06:06.459000,4190.052,4189.354,2250,2250
2021-04-28 00:06:26.625000,4189.769,4189.354,460,2250
2021-04-28 00:06:26.675000,4189.749,4189.045,2250,2250
2021-04-28 00:06:28.319000,4189.703,4189.351,460,2250
2021-04-28 00:06:28.369000,4190.049,4189.345,2250,2250
2021-04-28 00:06:41.645000,4190.057,4189.539,460,2250
2021-04-28 00:06:41.696000,4190.252,4189.536,2250,2250
2021-04-28 00:06:53.664000,4190.167,4189.448,2250,2250
2021-04-28 00:06:53.831000,4190.051,4189.448,460,2250
2021-04-28 00:06:53.881000,4190.052,4189.354,2250,2250
2021-04-28 00:06:54.599000,4190.051,4189.445,460,2250
2021-04-28 00:06:54.649000,4190.158,4189.445,2250,2250
2021-04-28 00:06:54.760000,4190.058,4189.336,2250,3140
2021-04-28 00:06:54.810000,4190.058,4189.348,2250,2250
2021-04-28 00:06:54.920000,4190.057,4189.536,460,2250
2021-04-28 00:06:54.971000,4190.249,4189.536,2250,2250
2021-04-28 00:07:01.258000,4190.001,4189.345,2250,2250
2021-04-28 00:07:13.483000,4189.764,4189.045,2250,3140
2021-04-28 00:07:13.534000,4189.758,4189.051,2250,2250
2021-04-28 00:07:13.644000,4189.757,4189.351,460,2250
2021-04-28 00:07:13.694000,4190.067,4189.339,2250,2250
2021-04-28 00:07:27.993000,4190.001,4189.333,2250,3140
2021-04-28 00:07:28.043000,4190.261,4189.533,2250,2250
2021-04-28 00:07:30.789000,4190.061,4189.351,2250,2250
2021-04-28 00:07:59.818000,4190.003,4189.554,460,2250
2021-04-28 00:07:59.868000,4190.261,4189.554,2250,2250
2021-04-28 00:08:05.751000,4190.263,4189.842,460,2250
2021-04-28 00:08:05.802000,4190.561,4189.848,2250,2250
2021-04-28 00:08:10.673000,4190.249,4189.542,2250,3140
2021-04-28 00:08:10.723000,4190.249,4189.554,2250,2250
2021-04-28 00:08:16.183000,4190.549,4189.839,2250,2250
2021-04-28 00:08:17.922000,4190.255,4189.554,2250,3140
2021-04-28 00:08:17.973000,4190.246,4189.539,2250,2250
2021-04-28 00:08:18.083000,4190.203,4189.836,460,2250
2021-04-28 00:08:18.134000,4190.567,4189.833,2250,2250
2021-04-28 00:08:18.245000,4190.464,4189.739,2250,3140
2021-04-28 00:08:18.295000,4190.467,4189.751,2250,2250
2021-04-28 00:08:18.413000,4190.461,4189.739,2250,3140
2021-04-28 00:08:18.463000,4190.567,4189.851,2250,2250
2021-04-28 00:08:19.407000,4190.201,4189.539,2250,3140
2021-04-28 00:08:19.458000,4190.261,4189.533,2250,2250
2021-04-28 00:08:20.669000,4190.254,4189.736,460,2250
2021-04-28 00:08:20.720000,4190.455,4189.742,2250,2250
2021-04-28 00:08:20.888000,4190.266,4189.745,460,2250
2021-04-28 00:08:20.939000,4190.264,4189.548,2250,2250
2021-04-28 00:08:21.050000,4190.261,4189.548,2250,3140
2021-04-28 00:08:21.100000,4190.401,4189.751,2250,2250
2021-04-28 00:08:21.209000,4190.26,4189.742,460,2250
2021-04-28 00:08:21.259000,4190.258,4189.554,2250,2250
2021-04-28 00:08:21.728000,4190.201,4189.599,2250,3140
2021-04-28 00:08:21.779000,4190.446,4189.754,2250,2250
2021-04-28 00:08:23.293000,4190.203,4189.751,460,2250
2021-04-28 00:08:23.343000,4190.261,4189.599,2250,2250
2021-04-28 00:08:23.774000,4190.546,4189.899,2250,2250
2021-04-28 00:08:25.463000,4190.267,4189.539,2250,3140
2021-04-28 00:08:25.514000,4190.246,4189.533,2250,2250
2021-04-28 00:08:31.037000,4190.546,4189.836,2250,2250
2021-04-28 00:08:38.956000,4190.201,4189.554,2250,2250
2021-04-28 00:08:47.914000,4190.251,4189.839,460,2250
2021-04-28 00:08:47.964000,4190.552,4189.851,2250,2250
2021-04-28 00:08:48.389000,4190.263,4189.845,460,2250
2021-04-28 00:08:48.439000,4190.267,4189.545,2250,2250
2021-04-28 00:08:49.579000,4190.263,4189.899,460,2250
2021-04-28 00:08:49.629000,4190.552,4189.833,2250,2250
2021-04-28 00:08:57.346000,4190.458,4189.751,2250,3140
2021-04-28 00:08:57.396000,4190.446,4189.736,2250,2250
2021-04-28 00:08:57.502000,4190.266,4189.736,460,2250
2021-04-28 00:08:57.553000,4190.201,4189.548,2250,2250
2021-04-28 00:08:57.670000,4190.263,4189.754,460,2250
2021-04-28 00:08:57.721000,4190.449,4189.748,2250,2250
2021-04-28 00:08:58.163000,4190.263,4189.745,460,2250
2021-04-28 00:08:58.213000,4190.258,4189.536,2250,2250
2021-04-28 00:08:58.483000,4190.269,4189.899,460,2250
2021-04-28 00:08:58.534000,4190.549,4189.851,2250,2250
2021-04-28 00:09:09.724000,4190.449,4189.745,2250,3140
2021-04-28 00:09:09.774000,4190.455,4189.742,2250,2250
2021-04-28 00:09:10.432000,4190.246,4189.536,2250,3140
2021-04-28 00:09:10.483000,4190.258,4189.533,2250,2250
2021-04-28 00:09:33.787000,4190.248,4189.854,460,2250
2021-04-28 00:09:33.837000,4190.552,4189.842,2250,2250
2021-04-28 00:09:48.655000,4190.258,4189.542,2250,3140
2021-04-28 00:09:48.705000,4190.267,4189.545,2250,2250
2021-04-28 00:10:02.839000,4190.267,4189.554,2250,3140
2021-04-28 00:10:02.890000,4190.552,4189.842,2250,2250
2021-04-28 00:10:03.327000,4190.269,4189.899,460,2250
2021-04-28 00:10:03.378000,4190.246,4189.533,2250,2250
2021-04-28 00:10:05.561000,4190.203,4189.848,460,2250
2021-04-28 00:10:05.612000,4190.501,4189.845,2250,2250
2021-04-28 00:10:18.538000,4190.261,4189.539,2250,3140
2021-04-28 00:10:18.588000,4190.249,4189.533,2250,2250
2021-04-28 00:10:30.353000,4190.26,4189.842,460,2250
2021-04-28 00:10:30.404000,4190.555,4189.842,2250,2250
2021-04-28 00:10:30.921000,4190.255,4189.545,2250,3140
2021-04-28 00:10:30.971000,4190.255,4189.542,2250,2250
2021-04-28 00:10:31.231000,4190.255,4189.545,2250,3140
2021-04-28 00:10:31.282000,4190.546,4189.845,2250,2250
2021-04-28 00:10:33.504000,4190.401,4189.751,2250,2250
2021-04-28 00:10:33.652000,4190.248,4189.799,460,2250
2021-04-28 00:10:33.702000,4190.246,4189.551,2250,2250
2021-04-28 00:10:34.043000,4190.263,4189.745,460,2250
2021-04-28 00:10:34.093000,4190.464,4189.733,2250,2250
2021-04-28 00:10:34.494000,4190.258,4189.599,2250,2250
2021-04-28 00:10:36.216000,4190.254,4189.842,460,2250
2021-04-28 00:10:36.267000,4190.561,4189.833,2250,2250
2021-04-28 00:10:40.154000,4190.255,4189.542,2250,3140
2021-04-28 00:10:40.205000,4190.249,4189.554,2250,2250
2021-04-28 00:10:40.477000,4190.263,4189.799,460,2250
2021-04-28 00:10:40.527000,4190.401,4189.751,2250,2250
2021-04-28 00:10:40.646000,4190.252,4189.539,2250,3140
2021-04-28 00:10:40.696000,4190.255,4189.539,2250,2250
2021-04-28 00:11:01.280000,4190.061,4189.348,2250,3140
2021-04-28 00:11:01.330000,4190.061,4189.345,2250,2250
2021-04-28 00:11:02.711000,4190.058,4189.345,2250,3140
2021-04-28 00:11:02.762000,4190.255,4189.599,2250,2250
2021-04-28 00:11:39.963000,4190.26,4189.836,460,2250
2021-04-28 00:11:40.014000,4190.567,4189.848,2250,2250
2021-04-28 00:11:50.489000,4190.261,4189.554,2250,3140
2021-04-28 00:11:50.539000,4190.258,4189.548,2250,2250
2021-04-28 00:11:51.270000,4190.254,4189.845,460,2250
2021-04-28 00:11:51.320000,4190.561,4189.833,2250,2250
2021-04-28 00:11:54.465000,4190.203,4189.845,460,2250
2021-04-28 00:11:54.515000,4190.255,4189.548,2250,2250
2021-04-28 00:12:54.655000,4190.257,4189.742,460,2250
2021-04-28 00:12:54.705000,4190.461,4189.745,2250,2250
2021-04-28 00:12:54.816000,4190.267,4189.554,2250,3140
2021-04-28 00:12:54.866000,4190.267,4189.599,2250,2250
2021-04-28 00:13:34.910000,4190.269,4189.899,460,2250
2021-04-28 00:13:34.960000,4190.549,4189.836,2250,2250
2021-04-28 00:13:37.863000,4190.255,4189.533,2250,2250
2021-04-28 00:13:59.723000,4190.058,4189.345,2250,3140
2021-04-28 00:13:59.774000,4190.064,4189.345,2250,2250
2021-04-28 00:14:03.037000,4190.069,4189.433,460,2250
2021-04-28 00:14:03.087000,4190.149,4189.499,2250,2250
2021-04-28 00:14:03.198000,4190.154,4189.545,460,2250
2021-04-28 00:14:03.249000,4190.246,4189.539,2250,2250
2021-04-28 00:14:05.324000,4190.052,4189.399,2250,3140
2021-04-28 00:14:05.374000,4190.046,4189.348,2250,2250
2021-04-28 00:14:12.056000,4190.246,4189.548,2250,2250
2021-04-28 00:14:12.185000,4190.064,4189.336,2250,3140
2021-04-28 00:14:12.235000,4190.067,4189.336,2250,2250
2021-04-28 00:14:14.509000,4190.069,4189.545,460,2250
2021-04-28 00:14:14.560000,4190.255,4189.551,2250,2250
2021-04-28 00:14:15.126000,4190.064,4189.339,2250,3140
2021-04-28 00:14:15.177000,4190.055,4189.399,2250,2250
2021-04-28 00:14:42.501000,4190.001,4189.351,2250,3140
2021-04-28 00:14:42.552000,4190.264,4189.539,2250,2250
2021-04-28 00:15:04.223000,4190.558,4189.854,2250,2250
2021-04-28 00:15:04.330000,4190.246,4189.536,2250,3140
2021-04-28 00:15:04.381000,4190.246,4189.548,2250,2250
2021-04-28 00:15:05.631000,4190.257,4189.851,460,2250
2021-04-28 00:15:05.681000,4190.564,4189.845,2250,2250
2021-04-28 00:15:06.998000,4190.255,4189.545,2250,3140
2021-04-28 00:15:07.049000,4190.249,4189.536,2250,2250
2021-04-28 00:15:10.990000,4190.249,4189.551,2250,3140
2021-04-28 00:15:11.040000,4190.552,4189.845,2250,2250
2021-04-28 00:15:26.439000,4190.258,4189.554,2250,3140
2021-04-28 00:15:26.489000,4190.246,4189.599,2250,2250
2021-04-28 00:15:26.762000,4190.26,4189.833,460,2250
2021-04-28 00:15:26.813000,4190.552,4189.842,2250,2250
2021-04-28 00:15:46.165000,4190.267,4189.554,2250,3140
2021-04-28 00:15:46.215000,4190.261,4189.533,2250,2250
2021-04-28 00:15:57.376000,4190.001,4189.336,2250,3140
2021-04-28 00:15:57.426000,4190.052,4189.336,2250,2250
2021-04-28 00:16:03.630000,4189.746,4189.042,2250,2250
2021-04-28 00:16:10.114000,4189.567,4188.842,2250,3140
2021-04-28 00:16:10.165000,4189.546,4188.833,2250,2250
2021-04-28 00:16:16.600000,4189.255,4188.548,2250,3140
2021-04-28 00:16:16.650000,4189.246,4188.542,2250,2250
2021-04-28 00:16:16.920000,4189.248,4188.851,460,2250
2021-04-28 00:16:16.970000,4189.561,4188.833,2250,2250
2021-04-28 00:16:17.922000,4189.246,4188.551,2250,3140
2021-04-28 00:16:17.972000,4189.201,4188.554,2250,2250
2021-04-28 00:16:31.195000,4189.254,4188.833,460,2250
2021-04-28 00:16:31.246000,4189.501,4188.839,2250,2250
2021-04-28 00:16:31.582000,4189.258,4188.548,2250,3140
2021-04-28 00:16:31.633000,4189.264,4188.533,2250,2250
2021-04-28 00:16:37.496000,4189.248,4188.845,460,2250
2021-04-28 00:16:37.546000,4189.567,4188.839,2250,2250
2021-04-28 00:16:38.556000,4189.267,4188.545,2250,3140
2021-04-28 00:16:38.606000,4189.267,4188.533,2250,2250
2021-04-28 00:16:59.408000,4189.564,4188.839,2250,2250
2021-04-28 00:17:13.621000,4189.264,4188.542,2250,3140
2021-04-28 00:17:13.672000,4189.201,4188.554,2250,2250
2021-04-28 00:17:16.907000,4189.558,4188.851,2250,2250
2021-04-28 00:17:25.667000,4189.249,4188.548,2250,3140
2021-04-28 00:17:25.718000,4189.201,4188.533,2250,2250
2021-04-28 00:17:26.080000,4189.257,4188.748,460,2250
2021-04-28 00:17:26.131000,4189.446,4188.799,2250,2250
2021-04-28 00:17:26.240000,4189.448,4188.851,460,2250
2021-04-28 00:17:26.291000,4189.546,4188.851,2250,2250
2021-04-28 00:17:33.886000,4189.246,4188.554,2250,3140
2021-04-28 00:17:33.936000,4189.267,4188.533,2250,2250
2021-04-28 00:17:47.276000,4189.549,4188.839,2250,2250
2021-04-28 00:18:01.246000,4189.761,4189.039,2250,2250
2021-04-28 00:18:34.551000,4189.551,4189.039,460,2250
2021-04-28 00:18:34.602000,4189.561,4188.833,2250,2250
2021-04-28 00:18:35.078000,4189.566,4188.948,460,2250
2021-04-28 00:18:35.128000,4189.646,4188.945,2250,2250
2021-04-28 00:18:35.739000,4189.558,4188.848,2250,3140
2021-04-28 00:18:35.789000,4189.561,4188.845,2250,2250
2021-04-28 00:18:41.742000,4189.761,4189.042,2250,2250
2021-04-28 00:19:30.742000,4189.757,4189.351,460,2250
2021-04-28 00:19:30.792000,4190.049,4189.351,2250,2250
2021-04-28 00:19:35.037000,4190.067,4189.339,2250,3140
2021-04-28 00:19:35.088000,4190.249,4189.554,2250,2250
2021-04-28 00:19:59.368000,4190.058,4189.351,2250,3140
2021-04-28 00:19:59.418000,4190.046,4189.399,2250,2250
2021-04-28 00:20:00.415000,4190.255,4189.548,2250,2250
2021-04-28 00:20:08.901000,4190.055,4189.339,2250,3140
2021-04-28 00:20:08.951000,4190.049,4189.342,2250,2250
2021-04-28 00:20:40.358000,4189.767,4189.045,2250,2250
2021-04-28 00:20:41.535000,4189.76,4189.333,460,2250
2021-04-28 00:20:41.586000,4190.052,4189.354,2250,2250
2021-04-28 00:20:56.032000,4190.063,4189.539,460,2250
2021-04-28 00:20:56.082000,4190.201,4189.542,2250,2250
2021-04-28 00:21:01.154000,4190.001,4189.345,2250,2250
2021-04-28 00:21:21.619000,4189.755,4189.054,2250,2250
2021-04-28 00:21:40.257000,4189.748,4189.339,460,2250
2021-04-28 00:21:40.308000,4190.067,4189.333,2250,2250
2021-04-28 00:21:40.432000,4189.749,4189.039,2250,2250
2021-04-28 00:22:10.337000,4189.501,4188.851,2250,3140
2021-04-28 00:22:10.387000,4189.561,4188.851,2250,2250
2021-04-28 00:22:10.521000,4189.557,4188.933,460,2250
2021-04-28 00:22:10.571000,4189.601,4188.948,2250,2250
2021-04-28 00:22:11.189000,4189.564,4188.833,2250,3140
2021-04-28 00:22:11.239000,4189.546,4188.845,2250,2250
2021-04-28 00:22:17.409000,4189.752,4189.054,2250,2250
2021-04-28 00:22:23.285000,4189.601,4188.933,2250,3140
2021-04-28 00:22:23.335000,4189.649,4188.933,2250,2250
2021-04-28 00:22:23.530000,4189.657,4189.051,460,2250
2021-04-28 00:22:23.581000,4189.752,4189.033,2250,2250
2021-04-28 00:22:43.384000,4189.746,4189.045,2250,3140
2021-04-28 00:22:43.434000,4190.046,4189.345,2250,2250
2021-04-28 00:22:55.706000,4190.252,4189.548,2250,2250
2021-04-28 00:23:21.980000,4190.046,4189.336,2250,3140
2021-04-28 00:23:22.030000,4190.064,4189.354,2250,2250
2021-04-28 00:23:38.292000,4190.255,4189.551,2250,2250
2021-04-28 00:23:39.387000,4190.067,4189.333,2250,3140
2021-04-28 00:23:39.437000,4190.055,4189.354,2250,2250
2021-04-28 00:24:51.838000,4189.755,4189.045,2250,3140
2021-04-28 00:24:51.888000,4189.749,4189.039,2250,2250
2021-04-28 00:24:52.173000,4189.703,4189.348,460,2250
2021-04-28 00:24:52.224000,4190.061,4189.339,2250,2250
2021-04-28 00:24:54.267000,4189.764,4189.045,2250,3140
2021-04-28 00:24:54.317000,4189.752,4189.033,2250,2250
2021-04-28 00:24:54.618000,4189.754,4189.342,460,2250
2021-04-28 00:24:54.669000,4190.064,4189.354,2250,2250
2021-04-28 00:25:07.006000,4189.764,4189.099,2250,3140
2021-04-28 00:25:07.056000,4189.755,4189.051,2250,2250
2021-04-28 00:25:16.439000,4189.649,4188.936,2250,3140
2021-04-28 00:25:16.489000,4189.661,4188.954,2250,2250
2021-04-28 00:25:16.600000,4189.603,4189.054,460,2250
2021-04-28 00:25:16.651000,4189.701,4189.054,2250,2250
2021-04-28 00:25:17.082000,4189.501,4188.899,2250,3140
2021-04-28 00:25:17.133000,4189.555,4188.899,2250,2250
2021-04-28 00:25:23.964000,4189.557,4189.051,460,2250
2021-04-28 00:25:24.014000,4189.749,4189.033,2250,2250
2021-04-28 00:25:32.332000,4189.567,4188.845,2250,3140
2021-04-28 00:25:32.383000,4189.561,4188.854,2250,2250
2021-04-28 00:25:32.521000,4189.755,4189.054,2250,2250
2021-04-28 00:25:49.959000,4189.501,4188.851,2250,3140
2021-04-28 00:25:50.009000,4189.567,4188.899,2250,2250
2021-04-28 00:25:50.108000,4189.56,4189.099,460,2250
2021-04-28 00:25:50.158000,4189.749,4189.045,2250,2250
2021-04-28 00:25:50.735000,4189.649,4188.933,2250,3140
2021-04-28 00:25:50.786000,4189.655,4188.945,2250,2250
2021-04-28 00:25:51.378000,4189.546,4188.854,2250,3140
2021-04-28 00:25:51.429000,4189.552,4188.842,2250,2250
2021-04-28 00:25:52.037000,4189.566,4188.933,460,2250
2021-04-28 00:25:52.088000,4189.646,4188.933,2250,2250
2021-04-28 00:25:52.375000,4189.549,4188.842,2250,3140
2021-04-28 00:25:52.425000,4189.561,4188.851,2250,2250
2021-04-28 00:25:58.055000,4189.557,4188.939,460,2250
2021-04-28 00:25:58.106000,4189.667,4188.945,2250,2250
2021-04-28 00:25:58.608000,4189.555,4188.854,2250,3140
2021-04-28 00:25:58.658000,4189.546,4188.836,2250,2250
2021-04-28 00:26:00.029000,4189.552,4188.899,2250,3140
2021-04-28 00:26:00.079000,4189.764,4189.033,2250,2250
2021-04-28 00:26:00.771000,4189.567,4188.851,2250,3140
2021-04-28 00:26:00.821000,4189.501,4188.848,2250,2250
2021-04-28 00:26:11.989000,4189.266,4188.854,460,2250
2021-04-28 00:26:12.039000,4189.252,4188.545,2250,2250
2021-04-28 00:26:12.627000,4189.049,4188.333,2250,3140
2021-04-28 00:26:12.678000,4189.049,4188.348,2250,2250
2021-04-28 00:26:15.622000,4189.057,4188.533,460,2250
2021-04-28 00:26:15.673000,4189.246,4188.545,2250,2250
2021-04-28 00:26:40.620000,4189.046,4188.354,2250,3140
2021-04-28 00:26:40.670000,4189.058,4188.348,2250,2250
2021-04-28 00:26:40.782000,4189.003,4188.454,460,2250
2021-04-28 00:26:40.834000,4189.155,4188.442,2250,2250
2021-04-28 00:26:41.743000,4189.001,4188.351,2250,3140
2021-04-28 00:26:41.793000,4189.001,4188.345,2250,2250
2021-04-28 00:26:41.902000,4189.06,4188.539,460,2250
2021-04-28 00:26:41.953000,4189.267,4188.548,2250,2250
2021-04-28 00:26:43.167000,4189.167,4188.433,2250,2250
2021-04-28 00:26:43.535000,4189.151,4188.545,460,2250
2021-04-28 00:26:43.585000,4189.264,4188.542,2250,2250
2021-04-28 00:26:44.031000,4189.161,4188.454,2250,3140
2021-04-28 00:26:44.082000,4189.158,4188.448,2250,2250
2021-04-28 00:26:44.353000,4189.001,4188.348,2250,3140
2021-04-28 00:26:44.403000,4189.052,4188.336,2250,2250
2021-04-28 00:26:45.534000,4189.063,4188.539,460,2250
2021-04-28 00:26:45.584000,4189.246,4188.539,2250,2250
2021-04-28 00:26:46.618000,4189.152,4188.436,2250,3140
2021-04-28 00:26:46.668000,4189.101,4188.454,2250,2250
2021-04-28 00:26:47.622000,4189.157,4188.548,460,2250
2021-04-28 00:26:47.673000,4189.252,4188.533,2250,2250
2021-04-28 00:26:50.427000,4189.058,4188.336,2250,2250
2021-04-28 00:27:04.504000,4189.054,4188.554,460,2250
2021-04-28 00:27:04.554000,4189.255,4188.545,2250,2250
2021-04-28 00:27:07.271000,4189.049,4188.348,2250,3140
2021-04-28 00:27:07.321000,4189.061,4188.345,2250,2250
2021-04-28 00:27:09.123000,4189.054,4188.439,460,2250
2021-04-28 00:27:09.173000,4189.167,4188.436,2250,2250
2021-04-28 00:27:09.674000,4189.001,4188.345,2250,3140
2021-04-28 00:27:09.725000,4189.052,4188.345,2250,2250
2021-04-28 00:28:09.228000,4188.752,4188.039,2250,3140
2021-04-28 00:28:09.279000,4188.755,4188.039,2250,2250
2021-04-28 00:28:11.086000,4188.563,4188.042,460,2250
2021-04-28 00:28:11.137000,4188.555,4187.851,2250,2250
2021-04-28 00:28:38.745000,4188.551,4188.045,460,2250
2021-04-28 00:28:38.796000,4188.761,4188.033,2250,2250
2021-04-28 00:28:45.967000,4188.751,4188.354,460,2250
2021-04-28 00:28:46.017000,4189.052,4188.345,2250,2250
2021-04-28 00:28:46.123000,4188.767,4188.042,2250,3140
2021-04-28 00:28:46.173000,4188.767,4188.042,2250,2250
2021-04-28 00:28:48.327000,4188.561,4187.848,2250,3140
2021-04-28 00:28:48.378000,4188.501,4187.842,2250,2250
2021-04-28 00:29:12.607000,4188.566,4188.042,460,2250
2021-04-28 00:29:12.658000,4188.749,4188.048,2250,2250
2021-04-28 00:29:14.483000,4188.552,4187.854,2250,3140
2021-04-28 00:29:14.534000,4188.558,4187.845,2250,2250
2021-04-28 00:29:20.381000,4188.551,4188.036,460,2250
2021-04-28 00:29:20.431000,4188.758,4188.045,2250,2250
2021-04-28 00:30:11.073000,4188.555,4187.854,2250,3140
2021-04-28 00:30:11.124000,4188.564,4187.851,2250,2250
2021-04-28 00:30:26.201000,4188.249,4187.599,2250,3140
2021-04-28 00:30:26.251000,4188.258,4187.542,2250,2250
2021-04-28 00:31:12.052000,4188.061,4187.345,2250,3140
2021-04-28 00:31:12.102000,4188.067,4187.333,2250,2250
2021-04-28 00:31:23.765000,4187.767,4187.048,2250,2250
2021-04-28 00:31:29.705000,4187.766,4187.342,460,2250
2021-04-28 00:31:29.755000,4188.001,4187.339,2250,2250
2021-04-28 00:31:48.189000,4188.055,4187.342,2250,3140
2021-04-28 00:31:48.239000,4188.261,4187.539,2250,2250
2021-04-28 00:32:12.052000,4188.058,4187.348,2250,3140
2021-04-28 00:32:12.102000,4188.046,4187.348,2250,2250
2021-04-28 00:32:13.338000,4188.003,4187.548,460,2250
2021-04-28 00:32:13.388000,4188.258,4187.545,2250,2250
2021-04-28 00:32:35.091000,4188.149,4187.436,2250,3140
2021-04-28 00:32:35.141000,4188.155,4187.454,2250,2250
2021-04-28 00:32:35.403000,4188.061,4187.336,2250,2250
2021-04-28 00:32:55.811000,4187.764,4187.099,2250,3140
2021-04-28 00:32:55.862000,4187.767,4187.036,2250,2250
2021-04-28 00:33:09.675000,4187.703,4187.333,460,2250
2021-04-28 00:33:09.725000,4188.052,4187.333,2250,2250
2021-04-28 00:33:35.369000,4187.752,4187.033,2250,3140
2021-04-28 00:33:35.419000,4187.749,4187.048,2250,2250
2021-04-28 00:33:51.276000,4187.263,4187.039,460,2250
2021-04-28 00:33:51.326000,4187.258,4186.536,2250,2250
2021-04-28 00:33:54.961000,4187.564,4186.833,2250,2250
2021-04-28 00:34:10.861000,4187.249,4186.551,2250,3140
2021-04-28 00:34:10.911000,4187.267,4186.551,2250,2250
2021-04-28 00:34:16.347000,4187.203,4186.836,460,2250
2021-04-28 00:34:16.397000,4187.546,4186.836,2250,2250
2021-04-28 00:34:16.831000,4187.452,4186.748,2250,3140
2021-04-28 00:34:16.882000,4187.464,4186.754,2250,2250
2021-04-28 00:34:17.260000,4187.201,4186.554,2250,3140
2021-04-28 00:34:17.310000,4187.246,4186.551,2250,2250
2021-04-28 00:34:23.679000,4187.266,4186.833,460,2250
2021-04-28 00:34:23.729000,4187.558,4186.836,2250,2250
2021-04-28 00:34:24.160000,4187.252,4186.539,2250,3140
2021-04-28 00:34:24.211000,4187.246,4186.554,2250,2250
2021-04-28 00:34:26.582000,4187.203,4186.836,460,2250
2021-04-28 00:34:26.633000,4187.549,4186.833,2250,2250
2021-04-28 00:34:39.894000,4187.255,4186.536,2250,3140
2021-04-28 00:34:39.944000,4187.264,4186.545,2250,2250
2021-04-28 00:34:41.760000,4187.257,4186.851,460,2250
2021-04-28 00:34:41.810000,4187.552,4186.842,2250,2250
2021-04-28 00:34:53.278000,4187.569,4187.051,460,2250
2021-04-28 00:34:53.328000,4187.767,4187.051,2250,2250
2021-04-28 00:35:22.715000,4187.754,4187.333,460,2250
2021-04-28 00:35:22.766000,4188.001,4187.345,2250,2250
2021-04-28 00:35:28.787000,4187.761,4187.054,2250,3140
2021-04-28 00:35:28.837000,4187.746,4187.033,2250,2250
2021-04-28 00:35:39.994000,4187.766,4187.348,460,2250
2021-04-28 00:35:40.045000,4188.001,4187.348,2250,2250
2021-04-28 00:35:53.487000,4188.063,4187.539,460,2250
2021-04-28 00:35:53.538000,4188.249,4187.554,2250,2250
2021-04-28 00:37:02.576000,4188.248,4187.848,460,2250
2021-04-28 00:37:02.626000,4188.555,4187.854,2250,2250
2021-04-28 00:37:03.519000,4188.261,4187.599,2250,3140
2021-04-28 00:37:03.569000,4188.246,4187.545,2250,2250
2021-04-28 00:37:05.365000,4188.251,4187.845,460,2250
2021-04-28 00:37:05.415000,4188.555,4187.899,2250,2250
2021-04-28 00:37:05.949000,4188.249,4187.551,2250,3140
2021-04-28 00:37:06.000000,4188.201,4187.548,2250,2250
2021-04-28 00:37:06.493000,4188.251,4187.751,460,2250
2021-04-28 00:37:06.544000,4188.446,4187.739,2250,2250
2021-04-28 00:37:06.653000,4188.249,4187.545,2250,3140
2021-04-28 00:37:06.703000,4188.252,4187.539,2250,2250
2021-04-28 00:37:33.077000,4188.251,4187.839,460,2250
2021-04-28 00:37:33.127000,4188.546,4187.848,2250,2250
2021-04-28 00:37:37.199000,4188.557,4188.036,460,2250
2021-04-28 00:37:37.249000,4188.752,4188.033,2250,2250
2021-04-28 00:37:54.500000,4188.763,4188.336,460,2250
2021-04-28 00:37:54.551000,4189.049,4188.339,2250,2250
2021-04-28 00:37:54.883000,4188.758,4188.054,2250,3140
2021-04-28 00:37:54.933000,4188.761,4188.042,2250,2250
2021-04-28 00:38:03.426000,4189.055,4188.348,2250,2250
2021-04-28 00:38:08.270000,4188.764,4188.036,2250,3140
2021-04-28 00:38:08.320000,4188.761,4188.039,2250,2250
2021-04-28 00:38:49.171000,4188.564,4187.842,2250,3140
2021-04-28 00:38:49.221000,4188.501,4187.833,2250,2250
2021-04-28 00:39:26.627000,4188.566,4188.051,460,2250
2021-04-28 00:39:26.677000,4188.749,4188.051,2250,2250
2021-04-28 00:39:57.098000,4188.567,4187.842,2250,2250
2021-04-28 00:40:05.350000,4188.755,4188.042,2250,2250
2021-04-28 00:40:07.470000,4188.561,4187.842,2250,3140
2021-04-28 00:40:07.521000,4188.555,4187.854,2250,2250
2021-04-28 00:40:10.631000,4188.755,4188.051,2250,2250
2021-04-28 00:40:28.128000,4188.646,4187.936,2250,2250
2021-04-28 00:40:30.108000,4188.546,4187.848,2250,2250
2021-04-28 00:40:30.241000,4188.551,4188.042,460,2250
2021-04-28 00:40:30.291000,4188.746,4188.054,2250,2250
2021-04-28 00:40:36.062000,4188.501,4187.839,2250,3140
2021-04-28 00:40:36.112000,4188.561,4187.854,2250,2250
2021-04-28 00:40:39.844000,4188.554,4188.039,460,2250
2021-04-28 00:40:39.895000,4188.701,4188.051,2250,2250
2021-04-28 00:40:48.262000,4188.564,4187.839,2250,3140
2021-04-28 00:40:48.313000,4188.501,4187.836,2250,2250
2021-04-28 00:40:49.322000,4188.551,4188.051,460,2250
2021-04-28 00:40:49.372000,4188.761,4188.054,2250,2250
2021-04-28 00:40:49.482000,4188.652,4187.945,2250,3140
2021-04-28 00:40:49.532000,4188.658,4187.936,2250,2250
2021-04-28 00:40:50.662000,4188.549,4187.854,2250,3140
2021-04-28 00:40:50.713000,4188.558,4187.842,2250,2250
2021-04-28 00:41:04.434000,4188.755,4188.039,2250,2250
2021-04-28 00:41:07.166000,4188.652,4187.999,2250,3140
2021-04-28 00:41:07.217000,4188.652,4187.933,2250,2250
2021-04-28 00:41:07.328000,4188.555,4187.848,2250,3140
2021-04-28 00:41:07.378000,4188.558,4187.836,2250,2250
2021-04-28 00:41:10.720000,4188.767,4188.051,2250,2250
2021-04-28 00:41:53.036000,4188.703,4188.345,460,2250
2021-04-28 00:41:53.086000,4189.001,4188.354,2250,2250
2021-04-28 00:41:58.920000,4189.051,4188.548,460,2250
2021-04-28 00:41:58.971000,4189.246,4188.599,2250,2250
2021-04-28 00:42:14.964000,4189.061,4188.348,2250,3140
2021-04-28 00:42:15.014000,4189.052,4188.339,2250,2250
2021-04-28 00:43:41.679000,4189.249,4188.542,2250,2250
2021-04-28 00:43:55.995000,4189.061,4188.345,2250,3140
2021-04-28 00:43:56.045000,4189.058,4188.342,2250,2250
2021-04-28 00:44:16.183000,4189.048,4188.551,460,2250
2021-04-28 00:44:16.234000,4189.267,4188.551,2250,2250
2021-04-28 00:44:19.450000,4189.061,4188.348,2250,3140
2021-04-28 00:44:19.501000,4189.058,4188.339,2250,2250
2021-04-28 00:45:37.259000,4188.752,4188.033,2250,3140
2021-04-28 00:45:37.309000,4188.746,4188.048,2250,2250
2021-04-28 00:45:37.884000,4188.766,4188.339,460,2250
2021-04-28 00:45:37.934000,4189.058,4188.336,2250,2250
2021-04-28 00:45:39.374000,4188.755,4188.051,2250,3140
2021-04-28 00:45:39.424000,4188.755,4188.045,2250,2250
2021-04-28 00:45:59.012000,4188.564,4187.839,2250,3140
2021-04-28 00:45:59.063000,4188.501,4187.848,2250,2250
2021-04-28 00:46:13.148000,4188.569,4188.051,460,2250
2021-04-28 00:46:13.198000,4188.746,4188.039,2250,2250
2021-04-28 00:46:19.956000,4188.501,4187.845,2250,3140
2021-04-28 00:46:20.007000,4188.555,4187.839,2250,2250
2021-04-28 00:46:38.254000,4188.56,4188.048,460,2250
2021-04-28 00:46:38.304000,4188.761,4188.051,2250,2250
2021-04-28 00:46:41.090000,4188.552,4187.899,2250,3140
2021-04-28 00:46:41.140000,4188.546,4187.851,2250,2250
2021-04-28 00:46:41.452000,4188.569,4187.945,460,2250
2021-04-28 00:46:41.502000,4188.664,4187.945,2250,2250
2021-04-28 00:46:41.612000,4188.567,4187.833,2250,3140
2021-04-28 00:46:41.662000,4188.546,4187.833,2250,2250
2021-04-28 00:46:42.109000,4188.563,4187.942,460,2250
2021-04-28 00:46:42.160000,4188.655,4187.939,2250,2250
2021-04-28 00:46:42.455000,4188.549,4187.845,2250,3140
2021-04-28 00:46:42.505000,4188.501,4187.836,2250,2250
2021-04-28 00:46:54.395000,4188.264,4187.533,2250,2250
2021-04-28 00:46:55.459000,4188.046,4187.348,2250,3140
2021-04-28 00:46:55.509000,4188.049,4187.333,2250,2250
2021-04-28 00:47:43.066000,4188.057,4187.536,460,2250
2021-04-28 00:47:43.116000,4188.267,4187.554,2250,2250
2021-04-28 00:47:53.672000,4188.203,4187.854,460,2250
2021-04-28 00:47:53.722000,4188.561,4187.833,2250,2250
2021-04-28 00:48:13.688000,4188.557,4187.942,460,2250
2021-04-28 00:48:13.738000,4188.655,4187.945,2250,2250
2021-04-28 00:48:13.850000,4188.601,4187.999,2250,3140
2021-04-28 00:48:13.900000,4188.755,4188.054,2250,2250
2021-04-28 00:48:42.253000,4188.766,4188.342,460,2250
2021-04-28 00:48:42.303000,4189.049,4188.342,2250,2250
2021-04-28 00:48:46.669000,4188.746,4188.099,2250,3140
2021-04-28 00:48:46.720000,4188.746,4188.099,2250,2250
2021-04-28 00:48:56.557000,4188.757,4188.345,460,2250
2021-04-28 00:48:56.607000,4189.061,4188.354,2250,2250
2021-04-28 00:48:57.294000,4188.948,4188.354,460,2250
2021-04-28 00:48:57.345000,4188.946,4188.245,2250,2250
2021-04-28 00:48:57.452000,4188.763,4188.242,460,2250
2021-04-28 00:48:57.502000,4188.701,4188.048,2250,2250
2021-04-28 00:49:20.104000,4188.766,4188.354,460,2250
2021-04-28 00:49:20.155000,4189.049,4188.348,2250,2250
2021-04-28 00:49:27.173000,4188.755,4188.042,2250,3140
2021-04-28 00:49:27.224000,4188.749,4188.039,2250,2250
2021-04-28 00:49:27.659000,4188.763,4188.248,460,2250
2021-04-28 00:49:27.710000,4188.958,4188.239,2250,2250
2021-04-28 00:49:27.823000,4188.954,4188.351,460,2250
2021-04-28 00:49:27.873000,4189.001,4188.348,2250,2250
2021-04-28 00:49:34.205000,4188.967,4188.251,2250,3140
2021-04-28 00:49:34.256000,4188.946,4188.239,2250,2250
2021-04-28 00:49:40.112000,4189.064,4188.333,2250,2250
2021-04-28 00:50:10.809000,4188.764,4188.099,2250,2250
2021-04-28 00:50:13.981000,4188.766,4188.251,460,2250
2021-04-28 00:50:14.031000,4188.961,4188.242,2250,2250
2021-04-28 00:50:14.143000,4188.754,4188.242,460,2250
2021-04-28 00:50:14.193000,4188.755,4188.033,2250,2250
2021-04-28 00:51:00.913000,4188.703,4188.242,460,2250
2021-04-28 00:51:00.963000,4188.901,4188.251,2250,2250
2021-04-28 00:51:01.235000,4188.758,4188.051,2250,3140
2021-04-28 00:51:01.285000,4188.701,4188.033,2250,2250
2021-04-28 00:51:05.304000,4188.76,4188.239,460,2250
2021-04-28 00:51:05.355000,4188.967,4188.245,2250,2250
2021-04-28 00:51:05.463000,4188.957,4188.345,460,2250
2021-04-28 00:51:05.514000,4189.058,4188.348,2250,2250
2021-04-28 00:51:07.916000,4188.749,4188.099,2250,2250
2021-04-28 00:51:39.277000,4188.769,4188.399,460,2250
2021-04-28 00:51:39.328000,4189.001,4188.336,2250,2250
2021-04-28 00:51:50.233000,4188.764,4188.099,2250,3140
2021-04-28 00:51:50.283000,4188.764,4188.039,2250,2250
2021-04-28 00:52:54.578000,4188.549,4187.836,2250,3140
2021-04-28 00:52:54.628000,4188.501,4187.899,2250,2250
2021-04-28 00:53:32.102000,4188.261,4187.545,2250,3140
2021-04-28 00:53:32.152000,4188.249,4187.533,2250,2250
2021-04-28 00:53:32.264000,4188.257,4187.854,460,2250
2021-04-28 00:53:32.315000,4188.561,4187.845,2250,2250
2021-04-28 00:54:02.739000,4188.557,4187.936,460,2250
2021-04-28 00:54:02.790000,4188.661,4187.951,2250,2250
2021-04-28 00:54:02.901000,4188.654,4188.054,460,2250
2021-04-28 00:54:02.951000,4188.761,4188.042,2250,2250
2021-04-28 00:55:28.543000,4188.754,4188.348,460,2250
2021-04-28 00:55:28.594000,4189.049,4188.345,2250,2250
2021-04-28 00:55:34.799000,4188.754,4188.354,460,2250
2021-04-28 00:55:34.849000,4188.761,4188.042,2250,2250
2021-04-28 00:55:45.605000,4188.564,4187.899,2250,3140
2021-04-28 00:55:45.655000,4188.567,4187.851,2250,2250
2021-04-28 00:55:47.768000,4188.557,4187.948,460,2250
2021-04-28 00:55:47.818000,4188.652,4187.939,2250,2250
2021-04-28 00:55:47.938000,4188.669,4188.045,460,2250
2021-04-28 00:55:47.989000,4188.764,4188.045,2250,2250
2021-04-28 00:55:55.253000,4188.564,4187.899,2250,3140
2021-04-28 00:55:55.303000,4188.561,4187.854,2250,2250
2021-04-28 00:55:56.342000,4188.503,4187.948,460,2250
2021-04-28 00:55:56.392000,4188.652,4187.951,2250,2250
2021-04-28 00:55:57.810000,4188.663,4188.051,460,2250
2021-04-28 00:55:57.861000,4188.701,4188.051,2250,2250
2021-04-28 00:56:02.406000,4188.667,4187.933,2250,2250
2021-04-28 00:56:03.726000,4188.746,4188.042,2250,2250
2021-04-28 00:56:04.387000,4188.658,4187.936,2250,2250
2021-04-28 00:56:05.047000,4188.767,4188.099,2250,2250
2021-04-28 00:56:28.563000,4188.664,4187.951,2250,3140
2021-04-28 00:56:28.613000,4188.652,4187.954,2250,2250
2021-04-28 00:56:29.544000,4188.666,4188.045,460,2250
2021-04-28 00:56:29.594000,4188.767,4188.045,2250,2250
2021-04-28 00:56:52.340000,4188.763,4188.339,460,2250
2021-04-28 00:56:52.390000,4189.052,4188.354,2250,2250
2021-04-28 00:56:52.918000,4188.958,4188.242,2250,2250
2021-04-28 00:56:53.748000,4188.948,4188.342,460,2250
2021-04-28 00:56:53.799000,4189.058,4188.336,2250,2250
2021-04-28 00:57:25.367000,4188.755,4188.036,2250,3140
2021-04-28 00:57:25.418000,4188.701,4188.033,2250,2250
2021-04-28 00:57:44.598000,4188.76,4188.336,460,2250
2021-04-28 00:57:44.648000,4189.067,4188.333,2250,2250
2021-04-28 00:57:47.055000,4188.749,4188.033,2250,2250
2021-04-28 00:58:00.160000,4188.751,4188.339,460,2250
2021-04-28 00:58:00.210000,4189.049,4188.336,2250,2250
2021-04-28 00:58:01.304000,4188.749,4188.042,2250,3140
2021-04-28 00:58:01.354000,4188.755,4188.099,2250,2250
2021-04-28 00:58:25.481000,4188.558,4187.848,2250,3140
2021-04-28 00:58:25.531000,4188.564,4187.833,2250,2250
2021-04-28 00:58:43.944000,4188.551,4188.048,460,2250
2021-04-28 00:58:43.995000,4188.767,4188.048,2250,2250
2021-04-28 00:58:45.365000,4188.652,4187.951,2250,3140
2021-04-28 00:58:45.416000,4188.649,4187.951,2250,2250
2021-04-28 00:58:45.682000,4188.657,4188.042,460,2250
2021-04-28 00:58:45.732000,4188.755,4188.051,2250,2250
2021-04-28 00:59:08.586000,4188.549,4187.845,2250,2250
2021-04-28 00:59:10.991000,4188.551,4187.945,460,2250
2021-04-28 00:59:11.042000,4188.601,4187.954,2250,2250
2021-04-28 00:59:11.621000,4188.657,4188.039,460,2250
2021-04-28 00:59:11.671000,4188.701,4188.051,2250,2250
2021-04-28 00:59:11.790000,4188.601,4187.948,2250,3140
2021-04-28 00:59:11.840000,4188.667,4187.945,2250,2250
2021-04-28 00:59:14.633000,4188.657,4188.099,460,2250
2021-04-28 00:59:14.683000,4188.755,4188.033,2250,2250
2021-04-28 00:59:14.800000,4188.564,4187.839,2250,3140
2021-04-28 00:59:14.850000,4188.561,4187.836,2250,2250
2021-04-28 00:59:37.342000,4188.563,4188.033,460,2250
2021-04-28 00:59:37.392000,4188.761,4188.045,2250,2250
2021-04-28 01:00:01.737000,4188.549,4187.845,2250,3140
2021-04-28 01:00:01.788000,4188.564,4187.851,2250,2250
2021-04-28 01:00:07.473000,4188.249,4187.548,2250,3140
2021-04-28 01:00:07.523000,4188.264,4187.545,2250,2250
2021-04-28 01:00:09.112000,4188.064,4187.345,2250,3140
2021-04-28 01:00:09.162000,4188.067,4187.339,2250,2250
2021-04-28 01:00:13.289000,4187.746,4187.039,2250,2250
2021-04-28 01:00:18.960000,4187.757,4187.354,460,2250
2021-04-28 01:00:19.010000,4188.067,4187.339,2250,2250
2021-04-28 01:00:24.359000,4188.064,4187.399,2250,3140
2021-04-28 01:00:24.409000,4188.267,4187.554,2250,2250
2021-04-28 01:00:34.845000,4188.203,4187.842,460,2250
2021-04-28 01:00:34.895000,4188.567,4187.848,2250,2250
2021-04-28 01:00:44.697000,4188.503,4188.099,460,2250
2021-04-28 01:00:44.747000,4188.758,4188.036,2250,2250
2021-04-28 01:00:53.421000,4188.757,4188.351,460,2250
2021-04-28 01:00:53.472000,4189.001,4188.354,2250,2250
2021-04-28 01:00:56.322000,4189.049,4188.351,2250,3140
2021-04-28 01:00:56.372000,4189.255,4188.551,2250,2250
2021-04-28 01:01:01.061000,4189.051,4188.548,460,2250
2021-04-28 01:01:01.114000,4189.058,4188.354,2250,2250
2021-04-28 01:01:18.424000,4189.051,4188.533,460,2250
2021-04-28 01:01:18.474000,4189.201,4188.533,2250,2250
2021-04-28 01:01:27.726000,4189.049,4188.333,2250,3140
2021-04-28 01:01:27.777000,4189.064,4188.399,2250,2250
2021-04-28 01:01:30.228000,4189.267,4188.551,2250,2250
2021-04-28 01:01:33.445000,4189.058,4188.339,2250,3140
2021-04-28 01:01:33.495000,4189.055,4188.342,2250,2250
2021-04-28 01:01:47.126000,4189.066,4188.539,460,2250
2021-04-28 01:01:47.176000,4189.258,4188.599,2250,2250
2021-04-28 01:02:02.249000,4189.067,4188.351,2250,2250
2021-04-28 01:04:32.647000,4188.755,4188.042,2250,3140
2021-04-28 01:04:32.698000,4188.749,4188.099,2250,2250
2021-04-28 01:04:34.235000,4188.749,4188.099,2250,3140
2021-04-28 01:04:34.285000,4189.046,4188.399,2250,2250
2021-04-28 01:04:34.392000,4188.949,4188.233,2250,3140
2021-04-28 01:04:34.443000,4188.955,4188.242,2250,2250
2021-04-28 01:04:34.574000,4188.749,4188.054,2250,3140
2021-04-28 01:04:34.624000,4188.758,4188.099,2250,2250
2021-04-28 01:04:36.428000,4188.703,4188.299,460,2250
2021-04-28 01:04:36.478000,4188.901,4188.242,2250,2250
2021-04-28 01:04:36.766000,4188.761,4188.045,2250,3140
2021-04-28 01:04:36.816000,4188.758,4188.051,2250,2250
2021-04-28 01:04:37.488000,4188.766,4188.336,460,2250
2021-04-28 01:04:37.539000,4189.052,4188.339,2250,2250
2021-04-28 01:04:37.825000,4188.746,4188.033,2250,3140
2021-04-28 01:04:37.875000,4188.761,4188.039,2250,2250
2021-04-28 01:04:38.303000,4188.703,4188.239,460,2250
2021-04-28 01:04:38.354000,4188.964,4188.239,2250,2250
2021-04-28 01:04:38.465000,4188.749,4188.033,2250,3140
2021-04-28 01:04:38.515000,4188.701,4188.051,2250,2250
2021-04-28 01:05:44.106000,4188.501,4187.899,2250,2250
2021-04-28 01:05:46.012000,4188.551,4188.051,460,2250
2021-04-28 01:05:46.063000,4188.767,4188.036,2250,2250
2021-04-28 01:05:55.394000,4188.748,4188.399,460,2250
2021-04-28 01:05:55.445000,4189.058,4188.345,2250,2250
2021-04-28 01:06:19.463000,4189.069,4188.554,460,2250
2021-04-28 01:06:19.514000,4189.201,4188.533,2250,2250
2021-04-28 01:06:36.642000,4189.203,4188.854,460,2250
2021-04-28 01:06:36.692000,4189.552,4188.836,2250,2250
2021-04-28 01:06:49.918000,4189.566,4189.042,460,2250
2021-04-28 01:06:49.969000,4189.767,4189.042,2250,2250
2021-04-28 01:06:56.954000,4189.546,4188.848,2250,3140
2021-04-28 01:06:57.005000,4189.564,4188.845,2250,2250
2021-04-28 01:07:06.794000,4189.249,4188.548,2250,3140
2021-04-28 01:07:06.844000,4189.201,4188.545,2250,2250
2021-04-28 01:07:08.803000,4189.269,4188.839,460,2250
2021-04-28 01:07:08.854000,4189.558,4188.839,2250,2250
2021-04-28 01:07:18.182000,4189.746,4189.033,2250,2250
2021-04-28 01:07:19.283000,4189.567,4188.839,2250,3140
2021-04-28 01:07:19.334000,4189.555,4188.845,2250,2250
2021-04-28 01:07:24.207000,4189.551,4189.036,460,2250
2021-04-28 01:07:24.261000,4189.758,4189.099,2250,2250
2021-04-28 01:07:31.239000,4189.569,4189.048,460,2250
2021-04-28 01:07:31.293000,4189.552,4188.842,2250,2250
2021-04-28 01:07:34.895000,4189.548,4188.933,460,2250
2021-04-28 01:07:34.945000,4189.652,4188.948,2250,2250
2021-04-28 01:07:35.123000,4189.561,4188.845,2250,3140
2021-04-28 01:07:35.174000,4189.561,4188.842,2250,2250
2021-04-28 01:07:37.660000,4189.667,4188.945,2250,2250
2021-04-28 01:07:37.775000,4189.546,4188.899,2250,3140
2021-04-28 01:07:37.825000,4189.552,4188.848,2250,2250
2021-04-28 01:07:38.197000,4189.566,4188.948,460,2250
2021-04-28 01:07:38.248000,4189.646,4188.933,2250,2250
2021-04-28 01:07:38.357000,4189.651,4189.099,460,2250
2021-04-28 01:07:38.408000,4189.767,4189.048,2250,2250
2021-04-28 01:08:04.787000,4189.769,4189.342,460,2250
2021-04-28 01:08:04.838000,4190.049,4189.339,2250,2250
2021-04-28 01:08:09.765000,4190.054,4189.533,460,2250
2021-04-28 01:08:09.815000,4190.258,4189.533,2250,2250
2021-04-28 01:08:11.061000,4190.001,4189.333,2250,3140
2021-04-28 01:08:11.111000,4190.046,4189.342,2250,2250
2021-04-28 01:08:11.424000,4190.069,4189.542,460,2250
2021-04-28 01:08:11.474000,4190.258,4189.533,2250,2250
2021-04-28 01:08:17.040000,4190.064,4189.345,2250,3140
2021-04-28 01:08:17.091000,4190.061,4189.339,2250,2250
2021-04-28 01:08:18.069000,4190.064,4189.351,2250,3140
2021-04-28 01:08:18.119000,4190.249,4189.533,2250,2250
2021-04-28 01:08:19.261000,4190.046,4189.354,2250,2250
2021-04-28 01:08:23.749000,4190.051,4189.548,460,2250
2021-04-28 01:08:23.799000,4190.261,4189.536,2250,2250
2021-04-28 01:08:27.844000,4190.001,4189.354,2250,2250
2021-04-28 01:08:51.666000,4190.066,4189.551,460,2250
2021-04-28 01:08:51.717000,4190.255,4189.536,2250,2250
2021-04-28 01:08:52.524000,4190.052,4189.345,2250,3140
2021-04-28 01:08:52.575000,4190.046,4189.351,2250,2250
2021-04-28 01:09:03.346000,4189.701,4189.054,2250,3140
2021-04-28 01:09:03.396000,4189.764,4189.039,2250,2250
2021-04-28 01:09:04.172000,4190.058,4189.336,2250,2250
2021-04-28 01:09:09.799000,4189.764,4189.051,2250,3140
2021-04-28 01:09:09.849000,4189.701,4189.051,2250,2250
2021-04-28 01:09:09.959000,4189.703,4189.242,460,2250
2021-04-28 01:09:10.009000,4189.964,4189.248,2250,2250
2021-04-28 01:09:10.116000,4189.948,4189.336,460,2250
2021-04-28 01:09:10.166000,4190.049,4189.339,2250,2250
2021-04-28 01:09:21.010000,4189.763,4189.336,460,2250
2021-04-28 01:09:21.060000,4189.755,4189.045,2250,2250
2021-04-28 01:10:12.504000,4190.049,4189.333,2250,2250
2021-04-28 01:10:15.391000,4189.746,4189.045,2250,3140
2021-04-28 01:10:15.441000,4189.761,4189.042,2250,2250
2021-04-28 01:11:08.241000,4189.701,4189.099,2250,3140
2021-04-28 01:11:08.292000,4190.061,4189.336,2250,2250
2021-04-28 01:11:12.328000,4189.746,4189.099,2250,3140
2021-04-28 01:11:12.379000,4189.764,4189.051,2250,2250
2021-04-28 01:11:15.170000,4189.763,4189.251,460,2250
2021-04-28 01:11:15.221000,4189.964,4189.245,2250,2250
2021-04-28 01:11:15.829000,4189.746,4189.051,2250,3140
2021-04-28 01:11:15.880000,4189.761,4189.033,2250,2250
2021-04-28 01:11:26.604000,4189.754,4189.345,460,2250
2021-04-28 01:11:26.655000,4190.052,4189.345,2250,2250
2021-04-28 01:11:28.143000,4189.901,4189.248,2250,2250
2021-04-28 01:11:28.584000,4189.749,4189.036,2250,3140
2021-04-28 01:11:28.634000,4189.764,4189.042,2250,2250
2021-04-28 01:11:35.257000,4189.766,4189.354,460,2250
2021-04-28 01:11:35.307000,4190.001,4189.339,2250,2250
2021-04-28 01:11:37.422000,4189.749,4189.051,2250,3140
2021-04-28 01:11:37.472000,4189.758,4189.054,2250,2250
2021-04-28 01:12:02.758000,4189.946,4189.254,2250,2250
2021-04-28 01:12:02.948000,4189.755,4189.099,2250,3140
2021-04-28 01:12:02.998000,4189.752,4189.039,2250,2250
2021-04-28 01:12:03.109000,4189.764,4189.039,2250,3140
2021-04-28 01:12:03.159000,4190.061,4189.336,2250,2250
2021-04-28 01:12:11.703000,4190.063,4189.436,460,2250
2021-04-28 01:12:11.753000,4190.161,4189.451,2250,2250
2021-04-28 01:12:12.041000,4190.046,4189.342,2250,3140
2021-04-28 01:12:12.091000,4190.049,4189.354,2250,2250
2021-04-28 01:13:01.357000,4189.767,4189.054,2250,3140
2021-04-28 01:13:01.408000,4189.746,4189.042,2250,2250
2021-04-28 01:13:06.561000,4189.748,4189.345,460,2250
2021-04-28 01:13:06.612000,4190.055,4189.333,2250,2250
2021-04-28 01:13:12.799000,4189.901,4189.251,2250,3140
2021-04-28 01:13:12.850000,4189.946,4189.242,2250,2250
2021-04-28 01:13:12.981000,4189.755,4189.042,2250,3140
2021-04-28 01:13:13.031000,4189.758,4189.045,2250,2250
2021-04-28 01:13:54.417000,4189.766,4189.254,460,2250
2021-04-28 01:13:54.467000,4189.961,4189.251,2250,2250
2021-04-28 01:13:54.577000,4189.761,4189.036,2250,3140
2021-04-28 01:13:54.628000,4189.746,4189.045,2250,2250
2021-04-28 01:14:00.608000,4190.067,4189.339,2250,2250
2021-04-28 01:14:32.293000,4189.749,4189.054,2250,2250
2021-04-28 01:14:32.402000,4189.757,4189.245,460,2250
2021-04-28 01:14:32.452000,4189.958,4189.239,2250,2250
2021-04-28 01:14:33.125000,4189.755,4189.051,2250,3140
2021-04-28 01:14:33.176000,4189.752,4189.045,2250,2250
2021-04-28 01:14:37.681000,4189.757,4189.339,460,2250
2021-04-28 01:14:37.732000,4190.055,4189.345,2250,2250
2021-04-28 01:14:38.570000,4189.746,4189.036,2250,3140
2021-04-28 01:14:38.620000,4189.758,4189.039,2250,2250
2021-04-28 01:14:39.304000,4189.769,4189.245,460,2250
2021-04-28 01:14:39.354000,4189.964,4189.254,2250,2250
2021-04-28 01:14:40.322000,4189.703,4189.242,460,2250
2021-04-28 01:14:40.372000,4189.752,4189.042,2250,2250
2021-04-28 01:14:46.551000,4189.751,4189.339,460,2250
2021-04-28 01:14:46.601000,4190.055,4189.351,2250,2250
2021-04-28 01:15:01.606000,4189.946,4189.299,2250,3140
2021-04-28 01:15:01.657000,4189.964,4189.245,2250,2250
2021-04-28 01:15:01.768000,4189.769,4189.233,460,2250
2021-04-28 01:15:01.819000,4189.749,4189.099,2250,2250
2021-04-28 01:15:03.887000,4189.757,4189.342,460,2250
2021-04-28 01:15:03.937000,4190.049,4189.354,2250,2250
2021-04-28 01:15:17.381000,4190.063,4189.542,460,2250
2021-04-28 01:15:17.431000,4190.258,4189.542,2250,2250
2021-04-28 01:15:18.067000,4190.064,4189.348,2250,3140
2021-04-28 01:15:18.117000,4190.052,4189.342,2250,2250
2021-04-28 01:15:23.077000,4190.003,4189.548,460,2250
2021-04-28 01:15:23.128000,4190.201,4189.545,2250,2250
2021-04-28 01:15:26.474000,4190.064,4189.342,2250,3140
2021-04-28 01:15:26.524000,4190.067,4189.354,2250,2250
2021-04-28 01:15:35.446000,4189.767,4189.042,2250,3140
2021-04-28 01:15:35.496000,4189.749,4189.045,2250,2250
2021-04-28 01:15:35.930000,4189.769,4189.254,460,2250
2021-04-28 01:15:35.980000,4189.958,4189.242,2250,2250
2021-04-28 01:15:36.090000,4189.755,4189.042,2250,3140
2021-04-28 01:15:36.141000,4189.746,4189.039,2250,2250
2021-04-28 01:15:36.413000,4189.763,4189.345,460,2250
2021-04-28 01:15:36.463000,4190.061,4189.345,2250,2250
2021-04-28 01:15:43.053000,4189.767,4189.051,2250,3140
2021-04-28 01:15:43.104000,4189.758,4189.042,2250,2250
2021-04-28 01:15:55.839000,4189.564,4188.899,2250,3140
2021-04-28 01:15:55.890000,4189.549,4188.845,2250,2250
2021-04-28 01:15:56.683000,4189.551,4189.054,460,2250
2021-04-28 01:15:56.733000,4189.746,4189.048,2250,2250
2021-04-28 01:15:57.972000,4189.564,4188.842,2250,3140
2021-04-28 01:15:58.022000,4189.552,4188.899,2250,2250
2021-04-28 01:16:09.021000,4189.761,4189.054,2250,2250
2021-04-28 01:16:11.991000,4189.649,4188.942,2250,2250
2021-04-28 01:16:12.106000,4189.567,4188.845,2250,3140
2021-04-28 01:16:12.156000,4189.501,4188.836,2250,2250
2021-04-28 01:16:30.835000,4189.551,4189.048,460,2250
2021-04-28 01:16:30.885000,4189.752,4189.045,2250,2250
2021-04-28 01:16:48.034000,4189.748,4189.333,460,2250
2021-04-28 01:16:48.084000,4190.067,4189.399,2250,2250
2021-04-28 01:16:55.799000,4190.06,4189.551,460,2250
2021-04-28 01:16:55.849000,4190.252,4189.533,2250,2250
2021-04-28 01:16:57.016000,4190.063,4189.554,460,2250
2021-04-28 01:16:57.067000,4190.058,4189.342,2250,2250
2021-04-28 01:16:57.660000,4190.048,4189.445,460,2250
2021-04-28 01:16:57.710000,4190.158,4189.445,2250,2250
2021-04-28 01:16:58.077000,4190.046,4189.336,2250,3140
2021-04-28 01:16:58.127000,4190.046,4189.339,2250,2250
2021-04-28 01:16:58.720000,4190.003,4189.539,460,2250
2021-04-28 01:16:58.770000,4190.267,4189.542,2250,2250
2021-04-28 01:17:04.801000,4190.067,4189.399,2250,2250
2021-04-28 01:17:12.012000,4190.003,4189.599,460,2250
2021-04-28 01:17:12.063000,4190.264,4189.542,2250,2250
2021-04-28 01:17:27.941000,4190.067,4189.336,2250,3140
2021-04-28 01:17:27.991000,4190.064,4189.354,2250,2250
2021-04-28 01:17:50.258000,4189.767,4189.036,2250,3140
2021-04-28 01:17:50.308000,4189.746,4189.054,2250,2250
2021-04-28 01:17:51.453000,4189.769,4189.339,460,2250
2021-04-28 01:17:51.503000,4190.067,4189.354,2250,2250
2021-04-28 01:17:57.736000,4189.755,4189.048,2250,3140
2021-04-28 01:17:57.786000,4189.755,4189.045,2250,2250
2021-04-28 01:17:58.058000,4189.751,4189.342,460,2250
2021-04-28 01:17:58.108000,4190.046,4189.399,2250,2250
2021-04-28 01:18:11.976000,4189.701,4189.045,2250,3140
2021-04-28 01:18:12.026000,4189.755,4189.036,2250,2250
2021-04-28 01:18:15.415000,4189.763,4189.339,460,2250
2021-04-28 01:18:15.465000,4190.058,4189.345,2250,2250
2021-04-28 01:18:23.733000,4189.767,4189.042,2250,3140
2021-04-28 01:18:23.783000,4189.749,4189.036,2250,2250
2021-04-28 01:18:29.003000,4189.967,4189.254,2250,2250
2021-04-28 01:18:29.271000,4189.957,4189.354,460,2250
2021-04-28 01:18:29.322000,4190.055,4189.348,2250,2250
2021-04-28 01:18:30.746000,4189.764,4189.036,2250,2250
2021-04-28 01:18:32.319000,4189.766,4189.233,460,2250
2021-04-28 01:18:32.369000,4189.961,4189.239,2250,2250
2021-04-28 01:18:33.213000,4189.764,4189.051,2250,3140
2021-04-28 01:18:33.264000,4189.749,4189.042,2250,2250
2021-04-28 01:18:33.696000,4189.769,4189.342,460,2250
2021-04-28 01:18:33.747000,4190.001,4189.345,2250,2250
2021-04-28 01:18:36.198000,4189.754,4189.345,460,2250
2021-04-28 01:18:36.248000,4189.761,4189.042,2250,2250
2021-04-28 01:18:37.265000,4189.703,4189.399,460,2250
2021-04-28 01:18:37.315000,4190.064,4189.351,2250,2250
2021-04-28 01:18:38.637000,4189.946,4189.245,2250,2250
2021-04-28 01:18:38.798000,4189.903,4189.336,460,2250
2021-04-28 01:18:38.849000,4190.055,4189.345,2250,2250
2021-04-28 01:18:40.557000,4189.964,4189.299,2250,2250
2021-04-28 01:18:40.968000,4189.757,4189.299,460,2250
2021-04-28 01:18:41.018000,4189.755,4189.036,2250,2250
2021-04-28 01:18:41.128000,4189.757,4189.333,460,2250
2021-04-28 01:18:41.178000,4190.055,4189.342,2250,2250
2021-04-28 01:18:41.610000,4189.946,4189.254,2250,3140
2021-04-28 01:18:41.660000,4189.958,4189.251,2250,2250
2021-04-28 01:18:41.773000,4189.969,4189.399,460,2250
2021-04-28 01:18:41.824000,4190.067,4189.399,2250,2250
2021-04-28 01:18:43.109000,4189.964,4189.236,2250,3140
2021-04-28 01:18:43.160000,4189.967,4189.254,2250,2250
2021-04-28 01:18:44.050000,4189.701,4189.054,2250,3140
2021-04-28 01:18:44.101000,4189.764,4189.048,2250,2250
2021-04-28 01:18:44.983000,4189.748,4189.239,460,2250
2021-04-28 01:18:45.033000,4189.949,4189.248,2250,2250
2021-04-28 01:18:45.181000,4190.061,4189.354,2250,2250
2021-04-28 01:19:08.330000,4189.763,4189.351,460,2250
2021-04-28 01:19:08.380000,4189.746,4189.048,2250,2250
2021-04-28 01:19:12.435000,4189.763,4189.399,460,2250
2021-04-28 01:19:12.486000,4190.055,4189.345,2250,2250
2021-04-28 01:19:13.066000,4189.964,4189.239,2250,3140
2021-04-28 01:19:13.116000,4189.949,4189.254,2250,2250
2021-04-28 01:19:13.814000,4189.963,4189.345,460,2250
2021-04-28 01:19:13.864000,4190.001,4189.339,2250,2250
2021-04-28 01:19:14.438000,4189.952,4189.254,2250,3140
2021-04-28 01:19:14.488000,4189.964,4189.254,2250,2250
2021-04-28 01:19:15.114000,4189.764,4189.042,2250,3140
2021-04-28 01:19:15.164000,4189.758,4189.051,2250,2250
2021-04-28 01:19:15.631000,4189.763,4189.354,460,2250
2021-04-28 01:19:15.681000,4190.055,4189.339,2250,2250
2021-04-28 01:19:32.498000,4190.003,4189.533,460,2250
2021-04-28 01:19:32.548000,4190.246,4189.536,2250,2250
2021-04-28 01:19:33.437000,4190.067,4189.339,2250,2250
2021-04-28 01:19:36.142000,4190.069,4189.539,460,2250
2021-04-28 01:19:36.192000,4190.267,4189.554,2250,2250
2021-04-28 01:19:37.002000,4190.049,4189.354,2250,2250
2021-04-28 01:19:44.040000,4190.069,4189.536,460,2250
2021-04-28 01:19:44.090000,4190.261,4189.533,2250,2250
2021-04-28 01:20:36.681000,4190.061,4189.339,2250,3140
2021-04-28 01:20:36.731000,4190.058,4189.339,2250,2250
2021-04-28 01:20:42.845000,4190.066,4189.533,460,2250
2021-04-28 01:20:42.895000,4190.255,4189.533,2250,2250
2021-04-28 01:21:00.555000,4190.267,4189.542,2250,3140
2021-04-28 01:21:00.606000,4190.449,4189.799,2250,2250
2021-04-28 01:21:02.049000,4190.466,4189.836,460,2250
2021-04-28 01:21:02.100000,4190.555,4189.833,2250,2250
2021-04-28 01:21:16.689000,4190.749,4190.051,2250,2250
2021-04-28 01:21:27.395000,4190.552,4189.851,2250,3140
2021-04-28 01:21:27.446000,4190.567,4189.899,2250,2250
2021-04-28 01:21:29.099000,4190.554,4190.033,460,2250
2021-04-28 01:21:29.150000,4190.764,4190.039,2250,2250
2021-04-28 01:22:01.941000,4190.749,4190.036,2250,3140
2021-04-28 01:22:01.992000,4191.067,4190.339,2250,2250
2021-04-28 01:22:05.721000,4191.063,4190.554,460,2250
2021-04-28 01:22:05.772000,4191.267,4190.545,2250,2250
2021-04-28 01:22:12.493000,4191.564,4190.845,2250,2250
2021-04-28 01:22:31.303000,4191.267,4190.551,2250,2250
2021-04-28 01:22:34.080000,4191.269,4190.899,460,2250
2021-04-28 01:22:34.130000,4191.552,4190.854,2250,2250
2021-04-28 01:22:34.868000,4191.258,4190.545,2250,3140
2021-04-28 01:22:34.919000,4191.261,4190.554,2250,2250
2021-04-28 01:22:38.293000,4191.201,4190.539,2250,3140
2021-04-28 01:22:38.344000,4191.549,4190.848,2250,2250
2021-04-28 01:22:38.455000,4191.255,4190.536,2250,3140
2021-04-28 01:22:38.506000,4191.267,4190.599,2250,2250
2021-04-28 01:22:55.402000,4191.555,4190.854,2250,2250
2021-04-28 01:23:21.477000,4191.255,4190.536,2250,2250
2021-04-28 01:23:53.829000,4191.549,4190.839,2250,2250
2021-04-28 01:23:54.636000,4191.261,4190.548,2250,3140
2021-04-28 01:23:54.686000,4191.258,4190.539,2250,2250
2021-04-28 01:24:00.761000,4191.549,4190.833,2250,2250
2021-04-28 01:24:02.844000,4191.246,4190.551,2250,3140
2021-04-28 01:24:02.894000,4191.255,4190.536,2250,2250
2021-04-28 01:24:06.556000,4191.203,4190.899,460,2250
2021-04-28 01:24:06.607000,4191.546,4190.839,2250,2250
2021-04-28 01:24:07.885000,4191.257,4190.839,460,2250
2021-04-28 01:24:07.936000,4191.261,4190.599,2250,2250
2021-04-28 01:24:19.772000,4191.003,4190.554,460,2250
2021-04-28 01:24:19.823000,4191.058,4190.354,2250,2250
2021-04-28 01:24:20.417000,4191.101,4190.436,2250,2250
2021-04-28 01:24:20.631000,4191.049,4190.333,2250,3140
2021-04-28 01:24:20.682000,4191.058,4190.399,2250,2250
2021-04-28 01:24:20.794000,4191.06,4190.439,460,2250
2021-04-28 01:24:20.844000,4191.149,4190.433,2250,2250
2021-04-28 01:24:21.312000,4191.157,4190.599,460,2250
2021-04-28 01:24:21.363000,4191.249,4190.539,2250,2250
2021-04-28 01:24:27.174000,4191.049,4190.354,2250,2250
2021-04-28 01:24:43.348000,4191.255,4190.554,2250,2250
2021-04-28 01:24:56.890000,4191.461,4190.733,2250,2250
2021-04-28 01:24:57.117000,4191.246,4190.542,2250,3140
2021-04-28 01:24:57.168000,4191.267,4190.548,2250,2250
2021-04-28 01:25:04.813000,4191.467,4190.751,2250,2250
2021-04-28 01:25:04.929000,4191.251,4190.733,460,2250
2021-04-28 01:25:04.979000,4191.267,4190.599,2250,2250
2021-04-28 01:25:06.372000,4191.269,4190.733,460,2250
2021-04-28 01:25:06.422000,4191.458,4190.736,2250,2250
2021-04-28 01:25:06.533000,4191.457,4190.848,460,2250
2021-04-28 01:25:06.583000,4191.564,4190.842,2250,2250
2021-04-28 01:25:06.856000,4191.452,4190.799,2250,3140
2021-04-28 01:25:06.906000,4191.464,4190.751,2250,2250
2021-04-28 01:25:08.263000,4191.469,4190.836,460,2250
2021-04-28 01:25:08.313000,4191.501,4190.848,2250,2250
2021-04-28 01:25:20.022000,4191.449,4190.736,2250,3140
2021-04-28 01:25:20.072000,4191.401,4190.739,2250,2250
2021-04-28 01:25:26.860000,4191.264,4190.536,2250,3140
2021-04-28 01:25:26.910000,4191.249,4190.554,2250,2250
2021-04-28 01:25:28.255000,4191.261,4190.533,2250,3140
2021-04-28 01:25:28.305000,4191.464,4190.736,2250,2250
2021-04-28 01:25:31.782000,4191.264,4190.542,2250,3140
2021-04-28 01:25:31.832000,4191.267,4190.539,2250,2250
2021-04-28 01:25:38.099000,4191.061,4190.351,2250,3140
2021-04-28 01:25:38.149000,4191.064,4190.351,2250,2250
2021-04-28 01:25:44.097000,4191.167,4190.433,2250,2250
2021-04-28 01:25:44.224000,4191.001,4190.336,2250,3140
2021-04-28 01:25:44.274000,4191.046,4190.354,2250,2250
2021-04-28 01:25:46.426000,4191.061,4190.345,2250,3140
2021-04-28 01:25:46.476000,4191.101,4190.454,2250,2250
2021-04-28 01:25:48.334000,4191.166,4190.539,460,2250
2021-04-28 01:25:48.385000,4191.255,4190.599,2250,2250
2021-04-28 01:25:49.981000,4191.161,4190.499,2250,3140
2021-04-28 01:25:50.032000,4191.149,4190.499,2250,2250
2021-04-28 01:25:50.883000,4191.16,4190.548,460,2250
2021-04-28 01:25:50.933000,4191.264,4190.533,2250,2250
2021-04-28 01:25:55.593000,4191.051,4190.545,460,2250
2021-04-28 01:25:55.643000,4191.058,4190.345,2250,2250
2021-04-28 01:25:57.184000,4191.06,4190.454,460,2250
2021-04-28 01:25:57.235000,4191.158,4190.451,2250,2250
2021-04-28 01:25:58.618000,4191.058,4190.399,2250,2250
2021-04-28 01:25:58.948000,4191.146,4190.436,2250,2250
2021-04-28 01:25:59.068000,4191.058,4190.399,2250,3140
2021-04-28 01:25:59.118000,4191.046,4190.348,2250,2250
2021-04-28 01:25:59.453000,4191.057,4190.454,460,2250
2021-04-28 01:25:59.503000,4191.101,4190.448,2250,2250
2021-04-28 01:26:00.099000,4191.049,4190.348,2250,3140
2021-04-28 01:26:00.150000,4191.055,4190.333,2250,2250
2021-04-28 01:26:02.286000,4191.051,4190.454,460,2250
2021-04-28 01:26:02.337000,4191.149,4190.442,2250,2250
2021-04-28 01:26:02.637000,4191.046,4190.399,2250,3140
2021-04-28 01:26:02.687000,4191.061,4190.351,2250,2250
2021-04-28 01:26:02.797000,4191.061,4190.342,2250,3140
2021-04-28 01:26:02.848000,4191.152,4190.499,2250,2250
2021-04-28 01:26:04.269000,4191.048,4190.436,460,2250
2021-04-28 01:26:04.320000,4191.049,4190.351,2250,2250
2021-04-28 01:26:04.427000,4191.161,4190.433,2250,2250
2021-04-28 01:26:04.995000,4191.157,4190.599,460,2250
2021-04-28 01:26:05.045000,4191.267,4190.536,2250,2250
2021-04-28 01:26:05.157000,4191.146,4190.451,2250,3140
2021-04-28 01:26:05.207000,4191.155,4190.451,2250,2250
2021-04-28 01:26:07.035000,4191.058,4190.333,2250,3140
2021-04-28 01:26:07.085000,4191.067,4190.345,2250,2250
2021-04-28 01:26:24.976000,4191.003,4190.533,460,2250
2021-04-28 01:26:25.026000,4191.267,4190.554,2250,2250
2021-04-28 01:26:25.136000,4191.067,4190.351,2250,3140
2021-04-28 01:26:25.186000,4191.052,4190.399,2250,2250
2021-04-28 01:26:29.217000,4191.066,4190.451,460,2250
2021-04-28 01:26:29.267000,4191.155,4190.442,2250,2250
2021-04-28 01:26:29.378000,4191.058,4190.336,2250,3140
2021-04-28 01:26:29.429000,4191.052,4190.342,2250,2250
2021-04-28 01:26:29.914000,4191.048,4190.436,460,2250
2021-04-28 01:26:29.964000,4191.167,4190.442,2250,2250
2021-04-28 01:26:30.068000,4191.049,4190.354,2250,3140
2021-04-28 01:26:30.119000,4191.061,4190.336,2250,2250
2021-04-28 01:26:34.944000,4191.069,4190.545,460,2250
2021-04-28 01:26:34.994000,4191.249,4190.548,2250,2250
2021-04-28 01:26:41.407000,4191.101,4190.436,2250,3140
2021-04-28 01:26:41.458000,4191.161,4190.448,2250,2250
2021-04-28 01:26:41.797000,4191.052,4190.399,2250,3140
2021-04-28 01:26:41.847000,4191.067,4190.339,2250,2250
2021-04-28 01:26:41.958000,4191.057,4190.436,460,2250
2021-04-28 01:26:42.008000,4191.155,4190.454,2250,2250
2021-04-28 01:26:42.121000,4191.067,4190.345,2250,3140
2021-04-28 01:26:42.171000,4191.058,4190.348,2250,2250
2021-04-28 01:26:44.500000,4191.057,4190.436,460,2250
2021-04-28 01:26:44.551000,4191.167,4190.442,2250,2250
2021-04-28 01:26:44.662000,4191.001,4190.339,2250,3140
2021-04-28 01:26:44.713000,4191.061,4190.333,2250,2250
2021-04-28 01:26:44.985000,4191.003,4190.442,460,2250
2021-04-28 01:26:45.035000,4191.101,4190.445,2250,2250
2021-04-28 01:26:45.493000,4191.064,4190.399,2250,2250
2021-04-28 01:26:45.621000,4191.051,4190.539,460,2250
2021-04-28 01:26:45.671000,4191.246,4190.533,2250,2250
2021-04-28 01:26:50.004000,4191.101,4190.448,2250,3140
2021-04-28 01:26:50.055000,4191.161,4190.439,2250,2250
2021-04-28 01:26:50.320000,4191.058,4190.354,2250,3140
2021-04-28 01:26:50.371000,4191.061,4190.354,2250,2250
2021-04-28 01:27:15.701000,4191.064,4190.336,2250,3140
2021-04-28 01:27:15.752000,4191.249,4190.536,2250,2250
2021-04-28 01:27:21.852000,4191.057,4190.533,460,2250
2021-04-28 01:27:21.902000,4191.055,4190.354,2250,2250
2021-04-28 01:27:32.517000,4190.76,4190.345,460,2250
2021-04-28 01:27:32.567000,4190.758,4190.048,2250,2250
2021-04-28 01:27:41.293000,4190.769,4190.354,460,2250
2021-04-28 01:27:41.343000,4191.049,4190.354,2250,2250
2021-04-28 01:28:09.680000,4191.06,4190.445,460,2250
2021-04-28 01:28:09.731000,4191.155,4190.433,2250,2250
2021-04-28 01:28:09.847000,4191.058,4190.348,2250,3140
2021-04-28 01:28:09.897000,4191.058,4190.342,2250,2250
2021-04-28 01:28:24.206000,4190.755,4190.042,2250,2250
2021-04-28 01:28:29.817000,4191.067,4190.348,2250,2250
2021-04-28 01:29:00.716000,4191.003,4190.539,460,2250
2021-04-28 01:29:00.766000,4191.267,4190.551,2250,2250
2021-04-28 01:29:01.048000,4191.057,4190.554,460,2250
2021-04-28 01:29:01.098000,4191.055,4190.351,2250,2250
2021-04-28 01:30:01.020000,4190.761,4190.033,2250,3140
2021-04-28 01:30:01.071000,4190.758,4190.033,2250,2250
2021-04-28 01:30:03.988000,4190.501,4189.854,2250,3140
2021-04-28 01:30:04.039000,4190.501,4189.842,2250,2250
2021-04-28 01:30:04.965000,4190.558,4189.833,2250,3140
2021-04-28 01:30:05.015000,4190.758,4190.051,2250,2250
2021-04-28 01:30:05.445000,4190.666,4190.054,460,2250
2021-04-28 01:30:05.495000,4190.655,4189.951,2250,2250
2021-04-28 01:30:05.931000,4190.654,4190.039,460,2250
2021-04-28 01:30:05.982000,4190.755,4190.045,2250,2250
2021-04-28 01:30:09.012000,4190.751,4190.336,460,2250
2021-04-28 01:30:09.062000,4191.064,4190.345,2250,2250
2021-04-28 01:30:10.587000,4190.764,4190.036,2250,3140
2021-04-28 01:30:10.637000,4190.764,4190.036,2250,2250
2021-04-28 01:30:13.315000,4190.748,4190.351,460,2250
2021-04-28 01:30:13.366000,4191.061,4190.351,2250,2250
2021-04-28 01:30:14.020000,4190.767,4190.054,2250,3140
2021-04-28 01:30:14.070000,4190.767,4190.054,2250,2250
2021-04-28 01:30:18.613000,4190.748,4190.336,460,2250
2021-04-28 01:30:18.663000,4191.055,4190.336,2250,2250
2021-04-28 01:30:25.784000,4191.066,4190.536,460,2250
2021-04-28 01:30:25.835000,4191.201,4190.545,2250,2250
2021-04-28 01:30:30.089000,4191.254,4190.833,460,2250
2021-04-28 01:30:30.139000,4191.561,4190.851,2250,2250
2021-04-28 01:30:36.725000,4191.251,4190.851,460,2250
2021-04-28 01:30:36.776000,4191.249,4190.551,2250,2250
2021-04-28 01:30:37.593000,4191.252,4190.533,2250,3140
2021-04-28 01:30:37.644000,4191.461,4190.754,2250,2250
2021-04-28 01:30:37.764000,4191.252,4190.548,2250,3140
2021-04-28 01:30:37.814000,4191.201,4190.545,2250,2250
2021-04-28 01:30:42.845000,4191.552,4190.842,2250,2250
2021-04-28 01:30:45.381000,4191.249,4190.536,2250,3140
2021-04-28 01:30:45.432000,4191.246,4190.551,2250,2250
2021-04-28 01:30:45.873000,4191.249,4190.536,2250,3140
2021-04-28 01:30:45.923000,4191.501,4190.854,2250,2250
2021-04-28 01:30:57.393000,4191.264,4190.599,2250,2250
2021-04-28 01:30:58.156000,4191.203,4190.854,460,2250
2021-04-28 01:30:58.207000,4191.558,4190.842,2250,2250
2021-04-28 01:30:58.643000,4191.258,4190.542,2250,3140
2021-04-28 01:30:58.693000,4191.258,4190.599,2250,2250
2021-04-28 01:30:58.803000,4191.201,4190.539,2250,3140
2021-04-28 01:30:58.854000,4191.401,4190.748,2250,2250
2021-04-28 01:30:59.126000,4191.264,4190.545,2250,3140
2021-04-28 01:30:59.176000,4191.246,4190.548,2250,2250
2021-04-28 01:30:59.449000,4191.267,4190.548,2250,3140
2021-04-28 01:30:59.499000,4191.567,4190.899,2250,2250
2021-04-28 01:31:00.416000,4191.257,4190.848,460,2250
2021-04-28 01:31:00.466000,4191.261,4190.542,2250,2250
2021-04-28 01:31:10.058000,4191.269,4190.899,460,2250
2021-04-28 01:31:10.108000,4191.555,4190.833,2250,2250
2021-04-28 01:31:13.738000,4191.252,4190.536,2250,3140
2021-04-28 01:31:13.788000,4191.258,4190.542,2250,2250
2021-04-28 01:31:15.239000,4191.254,4190.845,460,2250
2021-04-28 01:31:15.290000,4191.549,4190.845,2250,2250
2021-04-28 01:31:19.343000,4191.261,4190.542,2250,3140
2021-04-28 01:31:19.394000,4191.252,4190.554,2250,2250
2021-04-28 01:31:21.282000,4191.263,4190.845,460,2250
2021-04-28 01:31:21.332000,4191.555,4190.851,2250,2250
2021-04-28 01:31:22.559000,4191.252,4190.539,2250,3140
2021-04-28 01:31:22.610000,4191.246,4190.599,2250,2250
2021-04-28 01:31:23.204000,4191.26,4190.848,460,2250
2021-04-28 01:31:23.255000,4191.561,4190.899,2250,2250
2021-04-28 01:31:28.887000,4191.261,4190.599,2250,2250
2021-04-28 01:31:29.790000,4191.263,4190.836,460,2250
2021-04-28 01:31:29.840000,4191.567,4190.845,2250,2250
2021-04-28 01:31:30.300000,4191.258,4190.548,2250,3140
2021-04-28 01:31:30.351000,4191.246,4190.554,2250,2250
2021-04-28 01:31:40.965000,4191.564,4190.842,2250,2250
2021-04-28 01:31:42.615000,4191.261,4190.542,2250,2250
2021-04-28 01:31:52.187000,4191.501,4190.854,2250,2250
2021-04-28 01:32:01.886000,4191.269,4190.851,460,2250
2021-04-28 01:32:01.937000,4191.246,4190.548,2250,2250
2021-04-28 01:32:02.367000,4191.26,4190.736,460,2250
2021-04-28 01:32:02.417000,4191.449,4190.751,2250,2250
2021-04-28 01:32:02.524000,4191.457,4190.833,460,2250
2021-04-28 01:32:02.574000,4191.552,4190.836,2250,2250
2021-04-28 01:32:17.385000,4191.552,4190.839,2250,3140
2021-04-28 01:32:17.435000,4191.758,4191.054,2250,2250
2021-04-28 01:32:20.345000,4191.555,4190.854,2250,3140
2021-04-28 01:32:20.396000,4191.558,4190.854,2250,2250
2021-04-28 01:32:30.952000,4191.249,4190.599,2250,3140
2021-04-28 01:32:31.003000,4191.201,4190.554,2250,2250
2021-04-28 01:33:00.146000,4191.248,4190.839,460,2250
2021-04-28 01:33:00.197000,4191.549,4190.899,2250,2250
2021-04-28 01:33:06.256000,4191.503,4191.099,460,2250
2021-04-28 01:33:06.306000,4191.761,4191.039,2250,2250
2021-04-28 01:33:13.067000,4191.549,4190.899,2250,2250
2021-04-28 01:33:21.906000,4191.548,4191.039,460,2250
2021-04-28 01:33:21.957000,4191.755,4191.033,2250,2250
2021-04-28 01:33:29.070000,4191.758,4191.099,2250,3140
2021-04-28 01:33:29.120000,4192.001,4191.399,2250,2250
2021-04-28 01:33:32.778000,4191.755,4191.045,2250,3140
2021-04-28 01:33:32.829000,4191.749,4191.054,2250,2250
2021-04-28 01:33:32.952000,4191.754,4191.345,460,2250
2021-04-28 01:33:33.002000,4192.049,4191.345,2250,2250
2021-04-28 01:33:33.593000,4191.76,4191.336,460,2250
2021-04-28 01:33:33.643000,4191.758,4191.036,2250,2250
2021-04-28 01:33:55.001000,4191.555,4190.842,2250,2250
2021-04-28 01:33:56.024000,4191.546,4190.839,2250,3140
2021-04-28 01:33:56.075000,4191.746,4191.099,2250,2250
2021-04-28 01:33:56.506000,4191.601,4190.933,2250,3140
2021-04-28 01:33:56.557000,4191.667,4190.936,2250,2250
2021-04-28 01:33:56.875000,4191.654,4191.042,460,2250
2021-04-28 01:33:56.925000,4191.752,4191.042,2250,2250
2021-04-28 01:34:00.721000,4191.561,4190.833,2250,3140
2021-04-28 01:34:00.772000,4191.567,4190.845,2250,2250
2021-04-28 01:34:01.695000,4191.563,4191.054,460,2250
2021-04-28 01:34:01.745000,4191.749,4191.039,2250,2250
2021-04-28 01:34:03.633000,4191.501,4190.839,2250,3140
2021-04-28 01:34:03.684000,4191.564,4190.842,2250,2250
2021-04-28 01:34:04.112000,4191.555,4190.842,2250,3140
2021-04-28 01:34:04.162000,4191.646,4190.933,2250,2250
2021-04-28 01:34:04.278000,4191.669,4191.039,460,2250
2021-04-28 01:34:04.328000,4191.758,4191.048,2250,2250
2021-04-28 01:34:06.883000,4192.064,4191.399,2250,2250
2021-04-28 01:34:08.609000,4191.703,4191.339,460,2250
2021-04-28 01:34:08.659000,4191.761,4191.045,2250,2250
2021-04-28 01:34:21.074000,4191.661,4190.948,2250,3140
2021-04-28 01:34:21.125000,4191.661,4190.999,2250,2250
2021-04-28 01:34:21.890000,4191.558,4190.851,2250,3140
2021-04-28 01:34:21.941000,4191.546,4190.839,2250,2250
2021-04-28 01:34:24.044000,4191.749,4191.051,2250,2250
2021-04-28 01:34:25.140000,4191.501,4190.839,2250,3140
2021-04-28 01:34:25.190000,4191.546,4190.836,2250,2250
2021-04-28 01:34:25.622000,4191.56,4191.048,460,2250
2021-04-28 01:34:25.672000,4191.764,4191.039,2250,2250
2021-04-28 01:34:29.326000,4191.546,4190.899,2250,2250
2021-04-28 01:34:33.288000,4191.252,4190.554,2250,2250
2021-04-28 01:34:40.759000,4191.258,4190.542,2250,3140
2021-04-28 01:34:40.809000,4191.467,4190.736,2250,2250
2021-04-28 01:34:41.105000,4191.257,4190.799,460,2250
2021-04-28 01:34:41.156000,4191.249,4190.539,2250,2250
2021-04-28 01:34:42.409000,4191.269,4190.848,460,2250
2021-04-28 01:34:42.459000,4191.501,4190.845,2250,2250
2021-04-28 01:34:55.757000,4191.201,4190.548,2250,3140
2021-04-28 01:34:55.807000,4191.261,4190.551,2250,2250
2021-04-28 01:35:04.316000,4191.558,4190.854,2250,2250
2021-04-28 01:35:04.976000,4191.246,4190.551,2250,2250
2021-04-28 01:35:14.576000,4191.254,4190.845,460,2250
2021-04-28 01:35:14.627000,4191.564,4190.833,2250,2250
2021-04-28 01:35:16.214000,4191.252,4190.599,2250,3140
2021-04-28 01:35:16.264000,4191.261,4190.548,2250,2250
2021-04-28 01:35:17.877000,4191.266,4190.851,460,2250
2021-04-28 01:35:17.928000,4191.546,4190.845,2250,2250
2021-04-28 01:35:29.746000,4191.246,4190.533,2250,2250
2021-04-28 01:35:36.706000,4191.251,4190.899,460,2250
2021-04-28 01:35:36.757000,4191.555,4190.836,2250,2250
2021-04-28 01:35:39.325000,4191.252,4190.551,2250,2250
2021-04-28 01:35:41.124000,4191.255,4190.539,2250,3140
2021-04-28 01:35:41.174000,4191.561,4190.854,2250,2250
2021-04-28 01:35:44.682000,4191.558,4190.833,2250,3140
2021-04-28 01:35:44.732000,4191.746,4191.042,2250,2250
2021-04-28 01:35:49.434000,4191.658,4190.999,2250,3140
2021-04-28 01:35:49.484000,4191.664,4190.951,2250,2250
2021-04-28 01:35:49.592000,4191.501,4190.845,2250,3140
2021-04-28 01:35:49.643000,4191.549,4190.851,2250,2250
2021-04-28 01:35:50.400000,4191.561,4190.899,2250,3140
2021-04-28 01:35:50.450000,4191.761,4191.054,2250,2250
2021-04-28 01:35:51.771000,4191.501,4190.851,2250,3140
2021-04-28 01:35:51.822000,4191.561,4190.848,2250,2250
2021-04-28 01:35:54.429000,4191.503,4191.036,460,2250
2021-04-28 01:35:54.479000,4191.764,4191.036,2250,2250
2021-04-28 01:35:54.597000,4191.552,4190.842,2250,3140
2021-04-28 01:35:54.647000,4191.555,4190.845,2250,2250
2021-04-28 01:35:58.141000,4191.752,4191.045,2250,2250
2021-04-28 01:36:12.033000,4192.049,4191.351,2250,2250
2021-04-28 01:36:14.674000,4191.749,4191.036,2250,2250
2021-04-28 01:36:17.263000,4191.555,4190.842,2250,3140
2021-04-28 01:36:17.313000,4191.567,4190.854,2250,2250
2021-04-28 01:36:30.005000,4191.569,4191.036,460,2250
2021-04-28 01:36:30.055000,4191.755,4191.042,2250,2250
2021-04-28 01:36:31.555000,4191.503,4191.048,460,2250
2021-04-28 01:36:31.606000,4191.549,4190.899,2250,2250
2021-04-28 01:36:33.492000,4191.767,4191.045,2250,2250
2021-04-28 01:36:33.613000,4191.552,4190.836,2250,3140
2021-04-28 01:36:33.663000,4191.501,4190.899,2250,2250
2021-04-28 01:36:37.475000,4191.261,4190.548,2250,3140
2021-04-28 01:36:37.526000,4191.246,4190.599,2250,2250
2021-04-28 01:36:38.125000,4191.269,4190.745,460,2250
2021-04-28 01:36:38.175000,4191.467,4190.739,2250,2250
2021-04-28 01:36:38.280000,4191.458,4190.754,2250,3140
2021-04-28 01:36:38.330000,4191.546,4190.851,2250,2250
2021-04-28 01:36:45.795000,4191.267,4190.599,2250,2250
2021-04-28 01:37:09.867000,4191.246,4190.545,2250,3140
2021-04-28 01:37:09.917000,4191.564,4190.851,2250,2250
2021-04-28 01:37:43.396000,4191.246,4190.545,2250,3140
2021-04-28 01:37:43.446000,4191.249,4190.533,2250,2250
2021-04-28 01:37:52.846000,4191.258,4190.551,2250,3140
2021-04-28 01:37:52.897000,4191.467,4190.799,2250,2250
2021-04-28 01:37:53.047000,4191.246,4190.533,2250,2250
2021-04-28 01:38:02.064000,4191.061,4190.336,2250,3140
2021-04-28 01:38:02.115000,4191.055,4190.345,2250,2250
2021-04-28 01:38:03.303000,4191.051,4190.599,460,2250
2021-04-28 01:38:03.353000,4191.267,4190.548,2250,2250
2021-04-28 01:38:39.333000,4191.167,4190.442,2250,3140
2021-04-28 01:38:39.383000,4191.161,4190.454,2250,2250
2021-04-28 01:38:39.984000,4191.267,4190.554,2250,2250
2021-04-28 01:39:02.035000,4191.061,4190.354,2250,2250
2021-04-28 01:39:26.227000,4191.051,4190.448,460,2250
2021-04-28 01:39:26.277000,4191.146,4190.499,2250,2250
2021-04-28 01:39:26.630000,4191.052,4190.333,2250,3140
2021-04-28 01:39:26.681000,4191.001,4190.333,2250,2250
2021-04-28 01:39:29.760000,4191.152,4190.436,2250,2250
2021-04-28 01:39:30.488000,4191.169,4190.599,460,2250
2021-04-28 01:39:30.538000,4191.255,4190.545,2250,2250
2021-04-28 01:39:48.252000,4191.064,4190.399,2250,2250
2021-04-28 01:39:49.166000,4191.051,4190.545,460,2250
2021-04-28 01:39:49.216000,4191.267,4190.551,2250,2250
2021-04-28 01:39:54.958000,4191.001,4190.399,2250,3140
2021-04-28 01:39:55.008000,4191.064,4190.339,2250,2250
2021-04-28 01:39:55.445000,4191.046,4190.342,2250,3140
2021-04-28 01:39:55.495000,4191.246,4190.536,2250,2250
2021-04-28 01:39:57.646000,4191.052,4190.354,2250,3140
2021-04-28 01:39:57.696000,4191.055,4190.399,2250,2250
2021-04-28 01:39:57.825000,4191.201,4190.533,2250,2250
2021-04-28 01:40:06.417000,4191.06,4190.599,460,2250
2021-04-28 01:40:06.467000,4191.067,4190.351,2250,2250
2021-04-28 01:40:13.256000,4191.048,4190.545,460,2250
2021-04-28 01:40:13.307000,4191.249,4190.599,2250,2250
2021-04-28 01:40:15.577000,4191.057,4190.539,460,2250
2021-04-28 01:40:15.628000,4191.052,4190.354,2250,2250
2021-04-28 01:40:55.288000,4191.255,4190.548,2250,2250
2021-04-28 01:40:56.142000,4191.001,4190.348,2250,3140
2021-04-28 01:40:56.193000,4191.001,4190.339,2250,2250
2021-04-28 01:40:56.303000,4191.054,4190.551,460,2250
2021-04-28 01:40:56.353000,4191.249,4190.542,2250,2250
2021-04-28 01:40:56.469000,4191.069,4190.548,460,2250
2021-04-28 01:40:56.520000,4191.052,4190.348,2250,2250
2021-04-28 01:40:57.282000,4191.048,4190.599,460,2250
2021-04-28 01:40:57.333000,4191.267,4190.539,2250,2250
2021-04-28 01:40:57.927000,4191.061,4190.351,2250,2250
2021-04-28 01:40:58.923000,4191.052,4190.336,2250,3140
2021-04-28 01:40:58.973000,4191.246,4190.533,2250,2250
2021-04-28 01:41:07.170000,4191.152,4190.448,2250,3140
2021-04-28 01:41:07.220000,4191.101,4190.436,2250,2250
2021-04-28 01:41:07.679000,4191.166,4190.599,460,2250
2021-04-28 01:41:07.730000,4191.201,4190.548,2250,2250
2021-04-28 01:41:10.692000,4191.055,4190.351,2250,3140
2021-04-28 01:41:10.743000,4191.064,4190.351,2250,2250
2021-04-28 01:41:37.431000,4191.054,4190.533,460,2250
2021-04-28 01:41:37.481000,4191.201,4190.554,2250,2250
2021-04-28 01:41:38.559000,4191.067,4190.333,2250,3140
2021-04-28 01:41:38.609000,4191.055,4190.336,2250,2250
2021-04-28 01:41:41.840000,4191.255,4190.548,2250,2250
2021-04-28 01:42:08.636000,4191.001,4190.345,2250,3140
2021-04-28 01:42:08.687000,4191.055,4190.348,2250,2250
2021-04-28 01:42:09.120000,4191.054,4190.536,460,2250
2021-04-28 01:42:09.171000,4191.201,4190.536,2250,2250
2021-04-28 01:42:09.764000,4191.049,4190.342,2250,3140
2021-04-28 01:42:09.815000,4191.067,4190.339,2250,2250
2021-04-28 01:42:10.087000,4191.063,4190.445,460,2250
2021-04-28 01:42:10.137000,4191.158,4190.454,2250,2250
2021-04-28 01:42:10.248000,4191.049,4190.399,2250,3140
2021-04-28 01:42:10.298000,4191.061,4190.333,2250,2250
2021-04-28 01:42:10.411000,4191.069,4190.442,460,2250
2021-04-28 01:42:10.461000,4191.158,4190.454,2250,2250
2021-04-28 01:42:10.770000,4191.067,4190.399,2250,3140
2021-04-28 01:42:10.820000,4191.046,4190.354,2250,2250
2021-04-28 01:42:11.272000,4191.06,4190.545,460,2250
2021-04-28 01:42:11.322000,4191.258,4190.533,2250,2250
2021-04-28 01:42:17.980000,4191.269,4190.854,460,2250
2021-04-28 01:42:18.031000,4191.558,4190.842,2250,2250
2021-04-28 01:42:18.306000,4191.201,4190.539,2250,3140
2021-04-28 01:42:18.357000,4191.252,4190.548,2250,2250
2021-04-28 01:42:18.946000,4191.254,4190.848,460,2250
2021-04-28 01:42:18.996000,4191.564,4190.842,2250,2250
2021-04-28 01:42:53.094000,4191.464,4190.745,2250,3140
2021-04-28 01:42:53.144000,4191.401,4190.745,2250,2250
2021-04-28 01:42:54.388000,4191.451,4190.848,460,2250
2021-04-28 01:42:54.439000,4191.567,4190.851,2250,2250
2021-04-28 01:42:55.215000,4191.252,4190.536,2250,3140
2021-04-28 01:42:55.266000,4191.252,4190.599,2250,2250
2021-04-28 01:43:14.652000,4191.546,4190.833,2250,2250
2021-04-28 01:43:15.312000,4191.467,4190.751,2250,2250
2021-04-28 01:43:15.450000,4191.403,4190.851,460,2250
2021-04-28 01:43:15.501000,4191.564,4190.848,2250,2250
2021-04-28 01:43:17.565000,4191.201,4190.542,2250,3140
2021-04-28 01:43:17.616000,4191.246,4190.533,2250,2250
2021-04-28 01:43:24.894000,4191.258,4190.548,2250,3140
2021-04-28 01:43:24.944000,4191.564,4190.845,2250,2250
2021-04-28 01:43:30.173000,4191.269,4190.851,460,2250
2021-04-28 01:43:30.223000,4191.261,4190.536,2250,2250
2021-04-28 01:43:35.201000,4191.263,4190.848,460,2250
2021-04-28 01:43:35.252000,4191.501,4190.845,2250,2250
2021-04-28 01:43:37.928000,4191.401,4190.748,2250,3140
2021-04-28 01:43:37.978000,4191.461,4190.748,2250,2250
2021-04-28 01:43:38.112000,4191.46,4190.842,460,2250
2021-04-28 01:43:38.162000,4191.555,4190.839,2250,2250
2021-04-28 01:43:40.814000,4191.467,4190.739,2250,3140
2021-04-28 01:43:40.864000,4191.464,4190.745,2250,2250
2021-04-28 01:43:41.147000,4191.257,4190.745,460,2250
2021-04-28 01:43:41.197000,4191.252,4190.542,2250,2250
2021-04-28 01:43:41.953000,4191.203,4190.848,460,2250
2021-04-28 01:43:42.003000,4191.561,4190.833,2250,2250
2021-04-28 01:43:57.895000,4191.267,4190.551,2250,2250
2021-04-28 01:43:58.075000,4191.251,4190.854,460,2250
2021-04-28 01:43:58.125000,4191.501,4190.842,2250,2250
2021-04-28 01:43:58.225000,4191.249,4190.599,2250,2250
2021-04-28 01:43:58.555000,4191.458,4190.739,2250,2250
2021-04-28 01:43:59.683000,4191.248,4190.751,460,2250
2021-04-28 01:43:59.733000,4191.255,4190.551,2250,2250
2021-04-28 01:44:00.238000,4191.203,4190.839,460,2250
2021-04-28 01:44:00.289000,4191.555,4190.836,2250,2250
2021-04-28 01:44:00.772000,4191.269,4190.839,460,2250
2021-04-28 01:44:00.822000,4191.258,4190.536,2250,2250
2021-04-28 01:44:01.730000,4191.26,4190.854,460,2250
2021-04-28 01:44:01.781000,4191.552,4190.836,2250,2250
2021-04-28 01:44:02.343000,4191.267,4190.542,2250,3140
2021-04-28 01:44:02.393000,4191.249,4190.533,2250,2250
2021-04-28 01:44:04.169000,4191.452,4190.736,2250,2250
2021-04-28 01:44:04.285000,4191.267,4190.548,2250,3140
2021-04-28 01:44:04.336000,4191.252,4190.545,2250,2250
2021-04-28 01:44:16.568000,4191.046,4190.336,2250,3140
2021-04-28 01:44:16.618000,4191.064,4190.348,2250,2250
2021-04-28 01:44:18.451000,4191.055,4190.348,2250,3140
2021-04-28 01:44:18.501000,4191.152,4190.439,2250,2250
2021-04-28 01:44:18.608000,4191.001,4190.339,2250,3140
2021-04-28 01:44:18.658000,4191.058,4190.336,2250,2250
2021-04-28 01:44:19.563000,4191.066,4190.499,460,2250
2021-04-28 01:44:19.613000,4191.152,4190.499,2250,2250
2021-04-28 01:44:19.724000,4191.061,4190.399,2250,3140
2021-04-28 01:44:19.774000,4191.067,4190.354,2250,2250
2021-04-28 01:44:22.334000,4191.054,4190.436,460,2250
2021-04-28 01:44:22.384000,4191.167,4190.454,2250,2250
2021-04-28 01:44:22.652000,4191.058,4190.345,2250,2250
2021-04-28 01:44:22.795000,4191.057,4190.445,460,2250
2021-04-28 01:44:22.845000,4191.161,4190.445,2250,2250
2021-04-28 01:44:23.312000,4191.258,4190.536,2250,2250
2021-04-28 01:44:38.748000,4191.266,4190.754,460,2250
2021-04-28 01:44:38.799000,4191.446,4190.736,2250,2250
2021-04-28 01:44:39.024000,4191.451,4190.854,460,2250
2021-04-28 01:44:39.074000,4191.501,4190.839,2250,2250
2021-04-28 01:44:43.206000,4191.56,4191.042,460,2250
2021-04-28 01:44:43.256000,4191.752,4191.033,2250,2250
2021-04-28 01:44:43.361000,4191.501,4190.899,2250,3140
2021-04-28 01:44:43.411000,4191.549,4190.842,2250,2250
2021-04-28 01:45:37.761000,4191.258,4190.545,2250,3140
2021-04-28 01:45:37.811000,4191.261,4190.542,2250,2250
2021-04-28 01:45:38.574000,4191.254,4190.836,460,2250
2021-04-28 01:45:38.624000,4191.549,4190.833,2250,2250
2021-04-28 01:45:45.582000,4191.551,4191.054,460,2250
2021-04-28 01:45:45.633000,4191.701,4191.036,2250,2250
2021-04-28 01:46:19.318000,4191.561,4190.833,2250,3140
2021-04-28 01:46:19.369000,4191.567,4190.839,2250,2250
2021-04-28 01:46:26.959000,4191.551,4191.039,460,2250
2021-04-28 01:46:27.009000,4191.746,4191.039,2250,2250
2021-04-28 01:46:30.587000,4191.748,4191.399,460,2250
2021-04-28 01:46:30.637000,4192.001,4191.345,2250,2250
2021-04-28 01:46:31.500000,4191.763,4191.333,460,2250
2021-04-28 01:46:31.550000,4191.752,4191.039,2250,2250
2021-04-28 01:46:43.735000,4191.748,4191.345,460,2250
2021-04-28 01:46:43.785000,4192.067,4191.339,2250,2250
2021-04-28 01:47:07.542000,4192.064,4191.351,2250,3140
2021-04-28 01:47:07.592000,4192.252,4191.599,2250,2250
2021-04-28 01:47:09.826000,4192.048,4191.542,460,2250
2021-04-28 01:47:09.876000,4192.052,4191.399,2250,2250
2021-04-28 01:47:29.509000,4191.758,4191.045,2250,2250
2021-04-28 01:47:30.667000,4191.766,4191.251,460,2250
2021-04-28 01:47:30.718000,4191.964,4191.251,2250,2250
2021-04-28 01:47:30.898000,4191.755,4191.039,2250,3140
2021-04-28 01:47:30.948000,4191.752,4191.036,2250,2250
2021-04-28 01:47:31.059000,4191.766,4191.299,460,2250
2021-04-28 01:47:31.109000,4191.949,4191.251,2250,2250
2021-04-28 01:47:31.819000,4191.764,4191.042,2250,2250
2021-04-28 01:48:14.315000,4191.703,4191.333,460,2250
2021-04-28 01:48:14.365000,4192.052,4191.354,2250,2250
2021-04-28 01:48:26.513000,4192.063,4191.554,460,2250
2021-04-28 01:48:26.564000,4192.201,4191.536,2250,2250
2021-04-28 01:48:50.451000,4192.254,4191.842,460,2250
2021-04-28 01:48:50.502000,4192.555,4191.842,2250,2250
2021-04-28 01:48:50.768000,4192.249,4191.554,2250,3140
2021-04-28 01:48:50.819000,4192.255,4191.554,2250,2250
2021-04-28 01:48:56.895000,4192.269,4191.851,460,2250
2021-04-28 01:48:56.945000,4192.546,4191.845,2250,2250
2021-04-28 01:48:59.662000,4192.264,4191.551,2250,3140
2021-04-28 01:48:59.712000,4192.264,4191.539,2250,2250
2021-04-28 01:48:59.989000,4192.203,4191.839,460,2250
2021-04-28 01:49:00.039000,4192.567,4191.842,2250,2250
2021-04-28 01:49:00.502000,4192.246,4191.533,2250,3140
2021-04-28 01:49:00.552000,4192.264,4191.554,2250,2250
2021-04-28 01:49:01.470000,4192.251,4191.842,460,2250
2021-04-28 01:49:01.520000,4192.561,4191.842,2250,2250
2021-04-28 01:49:03.937000,4192.257,4191.842,460,2250
2021-04-28 01:49:03.987000,4192.252,4191.542,2250,2250
2021-04-28 01:49:04.257000,4192.203,4191.899,460,2250
2021-04-28 01:49:04.307000,4192.561,4191.848,2250,2250
2021-04-28 01:49:06.263000,4192.201,4191.536,2250,3140
2021-04-28 01:49:06.314000,4192.264,4191.599,2250,2250
2021-04-28 01:49:18.999000,4192.252,4191.551,2250,3140
2021-04-28 01:49:19.049000,4192.564,4191.851,2250,2250
2021-04-28 01:49:19.157000,4192.267,4191.599,2250,2250
2021-04-28 01:50:02.440000,4192.203,4191.854,460,2250
2021-04-28 01:50:02.491000,4192.549,4191.845,2250,2250
2021-04-28 01:50:02.795000,4192.246,4191.548,2250,3140
2021-04-28 01:50:02.845000,4192.201,4191.533,2250,2250
2021-04-28 01:50:42.257000,4192.257,4191.833,460,2250
2021-04-28 01:50:42.308000,4192.549,4191.839,2250,2250
2021-04-28 01:50:42.742000,4192.261,4191.548,2250,3140
2021-04-28 01:50:42.792000,4192.249,4191.533,2250,2250
2021-04-28 01:50:51.643000,4192.263,4191.842,460,2250
2021-04-28 01:50:51.693000,4192.501,4191.851,2250,2250
2021-04-28 01:50:54.329000,4192.258,4191.533,2250,3140
2021-04-28 01:50:54.379000,4192.252,4191.542,2250,2250
2021-04-28 01:50:54.982000,4192.26,4191.854,460,2250
2021-04-28 01:50:55.033000,4192.546,4191.851,2250,2250
2021-04-28 01:50:56.446000,4192.249,4191.542,2250,3140
2021-04-28 01:50:56.496000,4192.201,4191.554,2250,2250
2021-04-28 01:50:57.617000,4192.251,4191.745,460,2250
2021-04-28 01:50:57.668000,4192.464,4191.733,2250,2250
2021-04-28 01:50:57.821000,4192.255,4191.599,2250,2250
2021-04-28 01:51:02.445000,4192.254,4191.845,460,2250
2021-04-28 01:51:02.495000,4192.552,4191.842,2250,2250
2021-04-28 01:51:31.658000,4192.201,4191.599,2250,3140
2021-04-28 01:51:31.708000,4192.264,4191.551,2250,2250
2021-04-28 01:51:32.153000,4192.567,4191.848,2250,2250
2021-04-28 01:51:32.302000,4192.261,4191.545,2250,3140
2021-04-28 01:51:32.352000,4192.267,4191.551,2250,2250
2021-04-28 01:51:32.679000,4192.266,4191.736,460,2250
2021-04-28 01:51:32.730000,4192.401,4191.799,2250,2250
2021-04-28 01:51:33.147000,4192.201,4191.551,2250,3140
2021-04-28 01:51:33.198000,4192.261,4191.551,2250,2250
2021-04-28 01:51:35.155000,4192.251,4191.854,460,2250
2021-04-28 01:51:35.206000,4192.561,4191.833,2250,2250
2021-04-28 01:51:36.818000,4192.254,4191.839,460,2250
2021-04-28 01:51:36.868000,4192.249,4191.542,2250,2250
2021-04-28 01:51:38.808000,4192.254,4191.836,460,2250
2021-04-28 01:51:38.859000,4192.549,4191.842,2250,2250
2021-04-28 01:52:19.397000,4192.203,4191.842,460,2250
2021-04-28 01:52:19.447000,4192.261,4191.551,2250,2250
2021-04-28 01:52:34.934000,4192.263,4191.751,460,2250
2021-04-28 01:52:34.984000,4192.452,4191.736,2250,2250
2021-04-28 01:52:35.255000,4192.201,4191.548,2250,3140
2021-04-28 01:52:35.305000,4192.249,4191.548,2250,2250
2021-04-28 01:52:37.864000,4192.458,4191.736,2250,2250
2021-04-28 01:52:38.008000,4192.264,4191.545,2250,3140
2021-04-28 01:52:38.058000,4192.267,4191.542,2250,2250
2021-04-28 01:52:38.195000,4192.449,4191.733,2250,2250
2021-04-28 01:52:38.670000,4192.255,4191.554,2250,3140
2021-04-28 01:52:38.721000,4192.258,4191.536,2250,2250
2021-04-28 01:52:39.302000,4192.257,4191.736,460,2250
2021-04-28 01:52:39.353000,4192.446,4191.739,2250,2250
2021-04-28 01:52:39.894000,4192.258,4191.599,2250,3140
2021-04-28 01:52:39.944000,4192.249,4191.554,2250,2250
2021-04-28 01:52:41.080000,4192.252,4191.536,2250,3140
2021-04-28 01:52:41.130000,4192.549,4191.836,2250,2250
2021-04-28 01:53:05.534000,4192.563,4192.042,460,2250
2021-04-28 01:53:05.585000,4192.746,4192.045,2250,2250
2021-04-28 01:53:14.220000,4192.549,4191.851,2250,3140
2021-04-28 01:53:14.271000,4192.501,4191.836,2250,2250
2021-04-28 01:53:17.504000,4192.203,4191.851,460,2250
2021-04-28 01:53:17.554000,4192.264,4191.599,2250,2250
2021-04-28 01:53:22.214000,4192.203,4191.845,460,2250
2021-04-28 01:53:22.264000,4192.558,4191.842,2250,2250
2021-04-28 01:53:23.423000,4192.246,4191.545,2250,2250
2021-04-28 01:53:31.779000,4192.552,4191.833,2250,2250
2021-04-28 01:53:40.823000,4192.554,4192.039,460,2250
2021-04-28 01:53:40.873000,4192.755,4192.054,2250,2250
2021-04-28 01:53:41.141000,4192.501,4191.848,2250,3140
2021-04-28 01:53:41.192000,4192.567,4191.851,2250,2250
2021-04-28 01:53:51.921000,4192.246,4191.542,2250,3140
2021-04-28 01:53:51.971000,4192.255,4191.533,2250,2250
2021-04-28 01:53:53.401000,4192.254,4191.748,460,2250
2021-04-28 01:53:53.452000,4192.455,4191.745,2250,2250
2021-04-28 01:53:53.565000,4192.457,4191.839,460,2250
2021-04-28 01:53:53.615000,4192.549,4191.899,2250,2250
2021-04-28 01:53:53.724000,4192.255,4191.542,2250,3140
2021-04-28 01:53:53.774000,4192.258,4191.599,2250,2250
2021-04-28 01:53:54.367000,4192.266,4191.836,460,2250
2021-04-28 01:53:54.417000,4192.567,4191.839,2250,2250
2021-04-28 01:53:54.532000,4192.255,4191.539,2250,2250
2021-04-28 01:53:55.632000,4192.269,4191.851,460,2250
2021-04-28 01:53:55.683000,4192.501,4191.845,2250,2250
2021-04-28 01:53:57.810000,4192.249,4191.548,2250,3140
2021-04-28 01:53:57.861000,4192.246,4191.533,2250,2250
2021-04-28 01:53:58.490000,4192.269,4191.848,460,2250
2021-04-28 01:53:58.540000,4192.501,4191.842,2250,2250
2021-04-28 01:54:10.730000,4192.201,4191.551,2250,3140
2021-04-28 01:54:10.780000,4192.264,4191.554,2250,2250
2021-04-28 01:54:59.182000,4192.26,4191.839,460,2250
2021-04-28 01:54:59.233000,4192.501,4191.836,2250,2250
2021-04-28 01:55:01.003000,4192.261,4191.551,2250,3140
2021-04-28 01:55:01.053000,4192.261,4191.551,2250,2250
2021-04-28 01:55:01.482000,4192.251,4191.751,460,2250
2021-04-28 01:55:01.533000,4192.455,4191.745,2250,2250
2021-04-28 01:55:01.676000,4192.448,4191.842,460,2250
2021-04-28 01:55:01.727000,4192.552,4191.848,2250,2250
2021-04-28 01:55:03.305000,4192.251,4191.833,460,2250
2021-04-28 01:55:03.355000,4192.267,4191.554,2250,2250
2021-04-28 01:55:07.934000,4192.055,4191.345,2250,3140
2021-04-28 01:55:07.984000,4192.064,4191.339,2250,2250
2021-04-28 01:55:08.090000,4192.054,4191.551,460,2250
2021-04-28 01:55:08.140000,4192.252,4191.533,2250,2250
2021-04-28 01:56:18.801000,4192.067,4191.351,2250,3140
2021-04-28 01:56:18.852000,4192.049,4191.336,2250,2250
2021-04-28 01:56:19.650000,4192.069,4191.545,460,2250
2021-04-28 01:56:19.701000,4192.249,4191.599,2250,2250
2021-04-28 01:56:39.374000,4192.254,4191.839,460,2250
2021-04-28 01:56:39.424000,4192.561,4191.899,2250,2250
2021-04-28 01:57:10.758000,4192.249,4191.536,2250,3140
2021-04-28 01:57:10.808000,4192.267,4191.536,2250,2250
2021-04-28 01:57:19.389000,4192.264,4191.548,2250,3140
2021-04-28 01:57:19.440000,4192.561,4191.833,2250,2250
2021-04-28 01:58:26.730000,4192.449,4191.733,2250,3140
2021-04-28 01:58:26.780000,4192.401,4191.733,2250,2250
2021-04-28 01:58:28.396000,4192.457,4191.851,460,2250
2021-04-28 01:58:28.446000,4192.555,4191.848,2250,2250
2021-04-28 01:58:33.671000,4192.255,4191.599,2250,3140
2021-04-28 01:58:33.721000,4192.261,4191.554,2250,2250
2021-04-28 01:58:34.750000,4192.549,4191.833,2250,2250
2021-04-28 01:58:35.326000,4192.467,4191.754,2250,3140
2021-04-28 01:58:35.377000,4192.467,4191.733,2250,2250
2021-04-28 01:58:37.061000,4192.246,4191.545,2250,2250
2021-04-28 01:58:37.172000,4192.254,4191.845,460,2250
2021-04-28 01:58:37.223000,4192.558,4191.842,2250,2250
2021-04-28 01:59:50.810000,4192.201,4191.554,2250,3140
2021-04-28 01:59:50.860000,4192.249,4191.554,2250,2250
2021-04-28 01:59:51.000000,4192.501,4191.848,2250,2250
2021-04-28 02:00:30.940000,4192.261,4191.539,2250,2250
2021-04-28 02:00:48.242000,4192.266,4191.899,460,2250
2021-04-28 02:00:48.292000,4192.567,4191.848,2250,2250
2021-04-28 02:00:49.368000,4192.264,4191.539,2250,3140
2021-04-28 02:00:49.419000,4192.246,4191.539,2250,2250
2021-04-28 02:00:51.846000,4192.248,4191.839,460,2250
2021-04-28 02:00:51.896000,4192.552,4191.854,2250,2250
2021-04-28 02:01:05.274000,4192.261,4191.542,2250,2250
2021-04-28 02:01:12.566000,4192.201,4191.545,2250,3140
2021-04-28 02:01:12.616000,4192.558,4191.842,2250,2250
2021-04-28 02:01:13.095000,4192.264,4191.554,2250,3140
2021-04-28 02:01:13.145000,4192.249,4191.548,2250,2250
2021-04-28 02:01:13.246000,4192.467,4191.736,2250,2250
2021-04-28 02:01:13.400000,4192.455,4191.754,2250,3140
2021-04-28 02:01:13.450000,4192.552,4191.854,2250,2250
2021-04-28 02:01:14.103000,4192.261,4191.533,2250,3140
2021-04-28 02:01:14.154000,4192.258,4191.599,2250,2250
2021-04-28 02:01:14.263000,4192.263,4191.748,460,2250
2021-04-28 02:01:14.314000,4192.467,4191.733,2250,2250
2021-04-28 02:01:14.423000,4192.46,4191.854,460,2250
2021-04-28 02:01:14.474000,4192.549,4191.839,2250,2250
2021-04-28 02:01:15.180000,4192.252,4191.539,2250,2250
2021-04-28 02:02:12.288000,4192.046,4191.333,2250,2250
2021-04-28 02:02:13.800000,4192.063,4191.439,460,2250
2021-04-28 02:02:13.850000,4192.158,4191.436,2250,2250
2021-04-28 02:02:14.123000,4192.064,4191.348,2250,3140
2021-04-28 02:02:14.174000,4192.001,4191.342,2250,2250
2021-04-28 02:02:14.760000,4192.051,4191.536,460,2250
2021-04-28 02:02:14.810000,4192.258,4191.554,2250,2250
2021-04-28 02:02:32.891000,4192.266,4191.842,460,2250
2021-04-28 02:02:32.942000,4192.561,4191.836,2250,2250
2021-04-28 02:02:39.930000,4192.258,4191.554,2250,3140
2021-04-28 02:02:39.980000,4192.246,4191.533,2250,2250
2021-04-28 02:03:02.141000,4192.161,4191.436,2250,2250
2021-04-28 02:03:02.295000,4192.046,4191.342,2250,3140
2021-04-28 02:03:02.346000,4192.064,4191.351,2250,2250
2021-04-28 02:03:02.941000,4192.054,4191.539,460,2250
2021-04-28 02:03:02.992000,4192.252,4191.548,2250,2250
2021-04-28 02:03:13.759000,4192.263,4191.899,460,2250
2021-04-28 02:03:13.809000,4192.564,4191.839,2250,2250
2021-04-28 02:03:15.773000,4192.258,4191.548,2250,3140
2021-04-28 02:03:15.823000,4192.267,4191.542,2250,2250
2021-04-28 02:03:42.958000,4192.269,4191.754,460,2250
2021-04-28 02:03:43.008000,4192.452,4191.739,2250,2250
2021-04-28 02:03:43.120000,4192.252,4191.545,2250,3140
2021-04-28 02:03:43.170000,4192.201,4191.548,2250,2250
2021-04-28 02:03:43.279000,4192.263,4191.845,460,2250
2021-04-28 02:03:43.330000,4192.567,4191.833,2250,2250
2021-04-28 02:03:51.329000,4192.267,4191.536,2250,2250
2021-04-28 02:04:01.918000,4192.258,4191.551,2250,3140
2021-04-28 02:04:01.969000,4192.552,4191.839,2250,2250
2021-04-28 02:04:26.229000,4192.551,4192.036,460,2250
2021-04-28 02:04:26.279000,4192.755,4192.054,2250,2250
2021-04-28 02:04:31.415000,4192.555,4191.851,2250,3140
2021-04-28 02:04:31.465000,4192.549,4191.854,2250,2250
2021-04-28 02:04:32.260000,4192.661,4191.933,2250,2250
2021-04-28 02:04:32.478000,4192.552,4191.848,2250,3140
2021-04-28 02:04:32.528000,4192.558,4191.842,2250,2250
2021-04-28 02:04:32.644000,4192.567,4191.854,2250,3140
2021-04-28 02:04:32.694000,4192.601,4191.939,2250,2250
2021-04-28 02:04:32.799000,4192.501,4191.836,2250,3140
2021-04-28 02:04:32.849000,4192.546,4191.845,2250,2250
2021-04-28 02:05:00.318000,4192.252,4191.554,2250,2250
2021-04-28 02:05:42.324000,4192.248,4191.848,460,2250
2021-04-28 02:05:42.375000,4192.564,4191.854,2250,2250
2021-04-28 02:05:42.648000,4192.267,4191.545,2250,3140
2021-04-28 02:05:42.698000,4192.258,4191.533,2250,2250
2021-04-28 02:06:00.595000,4192.003,4191.554,460,2250
2021-04-28 02:06:00.645000,4192.001,4191.348,2250,2250
2021-04-28 02:06:46.653000,4192.046,4191.348,2250,3140
2021-04-28 02:06:46.704000,4192.249,4191.545,2250,2250
2021-04-28 02:06:48.338000,4192.058,4191.351,2250,3140
2021-04-28 02:06:48.389000,4192.001,4191.348,2250,2250
2021-04-28 02:06:48.661000,4192.069,4191.599,460,2250
2021-04-28 02:06:48.711000,4192.264,4191.551,2250,2250
2021-04-28 02:07:51.080000,4192.246,4191.599,2250,3140
2021-04-28 02:07:51.130000,4192.564,4191.839,2250,2250
2021-04-28 02:07:52.791000,4192.26,4191.836,460,2250
2021-04-28 02:07:52.841000,4192.261,4191.539,2250,2250
2021-04-28 02:07:53.892000,4192.203,4191.842,460,2250
2021-04-28 02:07:53.942000,4192.555,4191.848,2250,2250
2021-04-28 02:08:24.000000,4192.249,4191.533,2250,2250
2021-04-28 02:08:31.524000,4192.057,4191.554,460,2250
2021-04-28 02:08:31.574000,4192.067,4191.351,2250,2250
2021-04-28 02:08:33.819000,4192.066,4191.536,460,2250
2021-04-28 02:08:33.870000,4192.261,4191.548,2250,2250
2021-04-28 02:08:48.148000,4192.063,4191.533,460,2250
2021-04-28 02:08:48.198000,4192.046,4191.333,2250,2250
2021-04-28 02:08:50.127000,4192.063,4191.548,460,2250
2021-04-28 02:08:50.178000,4192.249,4191.533,2250,2250
2021-04-28 02:09:44.819000,4192.067,4191.351,2250,3140
2021-04-28 02:09:44.869000,4192.067,4191.351,2250,2250
2021-04-28 02:09:56.029000,4192.064,4191.399,2250,3140
2021-04-28 02:09:56.079000,4192.252,4191.548,2250,2250
2021-04-28 02:10:02.086000,4192.151,4191.551,460,2250
2021-04-28 02:10:02.137000,4192.146,4191.448,2250,2250
2021-04-28 02:10:02.410000,4192.003,4191.445,460,2250
2021-04-28 02:10:02.460000,4192.046,4191.342,2250,2250
2021-04-28 02:10:10.731000,4192.048,4191.554,460,2250
2021-04-28 02:10:10.781000,4192.249,4191.599,2250,2250
2021-04-28 02:10:10.952000,4192.001,4191.348,2250,2250
2021-04-28 02:10:24.202000,4191.901,4191.248,2250,2250
2021-04-28 02:10:24.363000,4191.963,4191.354,460,2250
2021-04-28 02:10:24.413000,4192.046,4191.354,2250,2250
2021-04-28 02:10:24.818000,4191.967,4191.248,2250,2250
2021-04-28 02:10:24.961000,4191.954,4191.342,460,2250
2021-04-28 02:10:25.012000,4192.055,4191.351,2250,2250
2021-04-28 02:10:25.300000,4191.966,4191.336,460,2250
2021-04-28 02:10:25.351000,4191.901,4191.239,2250,2250
2021-04-28 02:10:25.477000,4192.061,4191.354,2250,2250
2021-04-28 02:10:25.807000,4191.96,4191.399,460,2250
2021-04-28 02:10:25.858000,4191.949,4191.242,2250,2250
2021-04-28 02:10:25.960000,4192.052,4191.345,2250,2250
2021-04-28 02:10:26.137000,4191.946,4191.239,2250,2250
2021-04-28 02:10:26.283000,4191.946,4191.254,2250,3140
2021-04-28 02:10:26.333000,4192.058,4191.342,2250,2250
2021-04-28 02:10:47.173000,4192.267,4191.545,2250,2250
2021-04-28 02:11:15.748000,4192.269,4191.899,460,2250
2021-04-28 02:11:15.798000,4192.561,4191.854,2250,2250
2021-04-28 02:11:21.258000,4192.249,4191.533,2250,2250
2021-04-28 02:13:00.293000,4192.558,4191.836,2250,2250
2021-04-28 02:13:01.220000,4192.249,4191.533,2250,3140
2021-04-28 02:13:01.271000,4192.255,4191.542,2250,2250
2021-04-28 02:13:30.260000,4192.26,4191.848,460,2250
2021-04-28 02:13:30.310000,4192.567,4191.842,2250,2250
2021-04-28 02:13:32.076000,4192.255,4191.542,2250,3140
2021-04-28 02:13:32.126000,4192.249,4191.542,2250,2250
2021-04-28 02:13:32.981000,4192.251,4191.836,460,2250
2021-04-28 02:13:33.032000,4192.555,4191.836,2250,2250
2021-04-28 02:13:34.231000,4192.455,4191.739,2250,3140
2021-04-28 02:13:34.282000,4192.467,4191.799,2250,2250
2021-04-28 02:13:34.626000,4192.567,4191.842,2250,2250
2021-04-28 02:15:00.603000,4192.551,4192.045,460,2250
2021-04-28 02:15:00.653000,4192.767,4192.039,2250,2250
2021-04-28 02:15:04.480000,4192.501,4191.845,2250,3140
2021-04-28 02:15:04.530000,4192.546,4191.833,2250,2250
2021-04-28 02:16:00.853000,4192.767,4192.054,2250,2250
2021-04-28 02:16:50.042000,4193.001,4192.351,2250,2250
2021-04-28 02:18:40.320000,4193.201,4192.533,2250,2250
2021-04-28 02:18:50.462000,4193.058,4192.342,2250,3140
2021-04-28 02:18:50.512000,4193.001,4192.399,2250,2250
2021-04-28 02:19:07.235000,4193.066,4192.533,460,2250
2021-04-28 02:19:07.285000,4193.261,4192.554,2250,2250
2021-04-28 02:19:08.071000,4193.058,4192.336,2250,2250
2021-04-28 02:19:10.436000,4193.06,4192.545,460,2250
2021-04-28 02:19:10.486000,4193.246,4192.542,2250,2250
2021-04-28 02:20:20.482000,4193.067,4192.351,2250,3140
2021-04-28 02:20:20.532000,4193.058,4192.351,2250,2250
2021-04-28 02:20:30.185000,4193.051,4192.533,460,2250
2021-04-28 02:20:30.235000,4193.246,4192.599,2250,2250
2021-04-28 02:20:31.249000,4193.058,4192.342,2250,2250
