2021-04-14 00:00:00.868000,4139.146,4138.731,2250,890
2021-04-14 00:00:00.919000,4139.449,4138.733,2250,2250
2021-04-14 00:00:01.352000,4139.467,4138.631,3610,4190
2021-04-14 00:00:01.402000,4139.301,4138.699,2250,2250
2021-04-14 00:00:01.508000,4139.152,4138.64,2250,890
2021-04-14 00:00:01.559000,4139.167,4138.442,2250,2250
2021-04-14 00:00:18.746000,4138.958,4138.443,2250,890
2021-04-14 00:00:18.796000,4138.901,4138.254,2250,2250
2021-04-14 00:00:19.662000,4138.649,4138.234,2250,890
2021-04-14 00:00:19.712000,4138.646,4137.945,2250,2250
2021-04-14 00:00:26.646000,4138.901,4137.946,3610,4190
2021-04-14 00:00:26.696000,4138.946,4138.299,2250,2250
2021-04-14 00:00:33.011000,4139.161,4138.297,3610,4190
2021-04-14 00:00:33.062000,4139.149,4138.442,2250,2250
2021-04-14 00:00:36.184000,4139.449,4138.449,3610,4190
2021-04-14 00:00:36.234000,4139.455,4138.739,2250,2250
2021-04-14 00:00:37.104000,4139.161,4138.731,2250,890
2021-04-14 00:00:37.155000,4139.101,4138.436,2250,2250
2021-04-14 00:00:41.160000,4138.946,4138.497,2250,890
2021-04-14 00:00:41.211000,4138.961,4138.251,2250,2250
2021-04-14 00:00:51.776000,4138.949,4138.331,2250,890
2021-04-14 00:00:51.826000,4139.046,4138.351,2250,2250
2021-04-14 00:00:51.931000,4138.952,4138.334,2250,890
2021-04-14 00:00:51.981000,4138.952,4138.245,2250,2250
2021-04-14 00:00:54.274000,4138.901,4138.431,2250,890
2021-04-14 00:00:54.325000,4139.164,4138.499,2250,2250
2021-04-14 00:01:01.259000,4139.458,4138.497,3610,4190
2021-04-14 00:01:01.309000,4139.461,4138.733,2250,2250
2021-04-14 00:01:01.406000,4139.164,4138.752,2250,890
2021-04-14 00:01:01.457000,4139.155,4138.433,2250,2250
2021-04-14 00:01:02.047000,4139.461,4138.44,3610,4190
2021-04-14 00:01:02.097000,4139.461,4138.733,2250,2250
2021-04-14 00:01:04.361000,4139.101,4138.74,2250,890
2021-04-14 00:01:04.411000,4139.158,4138.433,2250,2250
2021-04-14 00:01:08.901000,4139.461,4138.443,3610,4190
2021-04-14 00:01:08.951000,4139.461,4138.751,2250,2250
2021-04-14 00:01:11.234000,4139.149,4138.731,2250,890
2021-04-14 00:01:11.285000,4139.146,4138.439,2250,2250
2021-04-14 00:01:14.146000,4139.455,4138.446,3610,4190
2021-04-14 00:01:14.196000,4139.464,4138.799,2250,2250
2021-04-14 00:01:14.623000,4139.146,4138.743,2250,890
2021-04-14 00:01:14.673000,4139.167,4138.433,2250,2250
2021-04-14 00:01:15.411000,4139.446,4138.452,3610,4190
2021-04-14 00:01:15.461000,4139.461,4138.751,2250,2250
2021-04-14 00:01:16.726000,4139.458,4138.443,3610,4190
2021-04-14 00:01:16.777000,4139.164,4138.448,2250,2250
2021-04-14 00:01:20.041000,4139.358,4138.431,3610,4190
2021-04-14 00:01:20.091000,4139.358,4138.651,2250,2250
2021-04-14 00:01:20.433000,4139.152,4138.64,2250,890
2021-04-14 00:01:20.483000,4139.155,4138.439,2250,2250
2021-04-14 00:01:28.317000,4138.967,4138.245,2250,2250
2021-04-14 00:01:32.621000,4139.149,4138.243,3610,4190
2021-04-14 00:01:32.671000,4139.164,4138.499,2250,2250
2021-04-14 00:01:46.092000,4139.464,4138.431,3610,4190
2021-04-14 00:01:46.143000,4139.446,4138.733,2250,2250
2021-04-14 00:01:47.409000,4139.167,4138.752,2250,890
2021-04-14 00:01:47.460000,4139.149,4138.499,2250,2250
2021-04-14 00:02:00.033000,4139.461,4138.497,3610,4190
2021-04-14 00:02:00.083000,4139.401,4138.745,2250,2250
2021-04-14 00:02:02.613000,4139.352,4138.734,2250,890
2021-04-14 00:02:02.664000,4139.364,4138.699,2250,2250
2021-04-14 00:02:02.778000,4139.352,4138.737,2250,890
2021-04-14 00:02:02.828000,4139.446,4138.742,2250,2250
2021-04-14 00:02:11.385000,4139.646,4138.746,3610,4190
2021-04-14 00:02:11.435000,4139.649,4138.942,2250,2250
2021-04-14 00:02:19.185000,4139.958,4138.997,3610,4190
2021-04-14 00:02:19.235000,4139.955,4139.233,2250,2250
2021-04-14 00:02:19.671000,4139.667,4138.939,2250,2250
2021-04-14 00:02:20.326000,4139.958,4138.997,3610,4190
2021-04-14 00:02:20.376000,4139.961,4139.251,2250,2250
2021-04-14 00:02:21.326000,4139.958,4138.952,3610,4190
2021-04-14 00:02:21.376000,4139.664,4138.999,2250,2250
2021-04-14 00:02:21.473000,4139.955,4138.952,3610,4190
2021-04-14 00:02:21.524000,4139.949,4139.299,2250,2250
2021-04-14 00:02:22.034000,4139.661,4139.252,2250,890
2021-04-14 00:02:22.085000,4139.652,4138.999,2250,2250
2021-04-14 00:02:24.660000,4139.958,4139.239,2250,2250
2021-04-14 00:02:34.427000,4139.646,4139.246,2250,890
2021-04-14 00:02:34.477000,4139.646,4138.951,2250,2250
2021-04-14 00:02:34.748000,4139.946,4138.937,3610,4190
2021-04-14 00:02:34.799000,4139.964,4139.239,2250,2250
2021-04-14 00:02:40.282000,4139.861,4139.252,2250,890
2021-04-14 00:02:40.333000,4139.801,4139.199,2250,2250
2021-04-14 00:02:41.205000,4139.661,4139.152,2250,890
2021-04-14 00:02:41.255000,4139.601,4138.933,2250,2250
2021-04-14 00:02:42.070000,4139.646,4139.231,2250,890
2021-04-14 00:02:42.120000,4139.958,4139.242,2250,2250
2021-04-14 00:02:42.226000,4139.958,4139.149,3610,4190
2021-04-14 00:02:42.276000,4139.864,4139.145,2250,2250
2021-04-14 00:02:42.389000,4139.858,4138.94,3610,4190
2021-04-14 00:02:42.440000,4139.652,4138.951,2250,2250
2021-04-14 00:02:45.165000,4139.667,4139.234,2250,890
2021-04-14 00:02:45.215000,4139.958,4139.299,2250,2250
2021-04-14 00:02:47.703000,4139.646,4139.231,2250,890
2021-04-14 00:02:47.753000,4139.652,4138.954,2250,2250
2021-04-14 00:02:51.696000,4139.852,4138.94,3610,4190
2021-04-14 00:02:51.746000,4139.801,4139.133,2250,2250
2021-04-14 00:02:51.856000,4139.664,4139.137,2250,890
2021-04-14 00:02:51.907000,4139.601,4138.999,2250,2250
2021-04-14 00:03:00.351000,4139.652,4139.149,2250,890
2021-04-14 00:03:00.402000,4139.846,4139.154,2250,2250
2021-04-14 00:03:00.530000,4139.955,4139.143,3610,4190
2021-04-14 00:03:00.580000,4139.964,4139.245,2250,2250
2021-04-14 00:03:00.691000,4139.661,4139.231,2250,890
2021-04-14 00:03:00.759000,4139.664,4138.942,2250,2250
2021-04-14 00:03:04.986000,4139.655,4138.731,3610,4190
2021-04-14 00:03:05.037000,4139.401,4138.745,2250,2250
2021-04-14 00:03:07.701000,4139.667,4138.737,3610,4190
2021-04-14 00:03:07.752000,4139.646,4138.945,2250,2250
2021-04-14 00:03:08.499000,4139.446,4138.943,2250,890
2021-04-14 00:03:08.549000,4139.458,4138.751,2250,2250
2021-04-14 00:03:14.355000,4139.455,4138.646,3610,4190
2021-04-14 00:03:14.405000,4139.364,4138.651,2250,2250
2021-04-14 00:03:15.134000,4139.158,4138.637,2250,890
2021-04-14 00:03:15.184000,4139.101,4138.499,2250,2250
2021-04-14 00:03:47.752000,4139.152,4138.697,2250,890
2021-04-14 00:03:47.802000,4139.361,4138.633,2250,2250
2021-04-14 00:03:48.279000,4139.449,4138.646,3610,4190
2021-04-14 00:03:48.329000,4139.446,4138.739,2250,2250
2021-04-14 00:03:48.595000,4139.101,4138.737,2250,890
2021-04-14 00:03:48.645000,4139.167,4138.454,2250,2250
2021-04-14 00:03:49.899000,4139.167,4138.734,2250,890
2021-04-14 00:03:49.950000,4139.446,4138.799,2250,2250
2021-04-14 00:03:50.872000,4139.464,4138.443,3610,4190
2021-04-14 00:03:50.922000,4139.155,4138.433,2250,2250
2021-04-14 00:03:55.316000,4139.167,4138.74,2250,890
2021-04-14 00:03:55.367000,4139.449,4138.733,2250,2250
2021-04-14 00:03:55.470000,4139.449,4138.652,3610,4190
2021-04-14 00:03:55.520000,4139.301,4138.645,2250,2250
2021-04-14 00:03:55.780000,4139.301,4138.44,3610,4190
2021-04-14 00:03:55.830000,4139.149,4138.445,2250,2250
2021-04-14 00:04:02.394000,4139.352,4138.497,3610,4190
2021-04-14 00:04:02.445000,4139.367,4138.642,2250,2250
2021-04-14 00:04:02.550000,4139.349,4138.437,3610,4190
2021-04-14 00:04:02.601000,4139.152,4138.442,2250,2250
2021-04-14 00:04:26.677000,4139.049,4138.437,2250,890
2021-04-14 00:04:26.727000,4139.058,4138.345,2250,2250
2021-04-14 00:04:27.109000,4139.161,4138.343,3610,4190
2021-04-14 00:04:27.159000,4139.164,4138.433,2250,2250
2021-04-14 00:04:32.037000,4138.958,4138.443,2250,890
2021-04-14 00:04:32.088000,4138.958,4138.242,2250,2250
2021-04-14 00:04:35.583000,4139.161,4138.454,2250,2250
2021-04-14 00:04:47.381000,4139.149,4138.231,3610,4190
2021-04-14 00:04:47.431000,4138.958,4138.248,2250,2250
2021-04-14 00:05:12.706000,4139.167,4138.231,3610,4190
2021-04-14 00:05:12.756000,4139.161,4138.454,2250,2250
2021-04-14 00:05:27.548000,4138.952,4138.452,2250,890
2021-04-14 00:05:27.599000,4138.958,4138.299,2250,2250
2021-04-14 00:05:28.367000,4139.161,4138.243,3610,4190
2021-04-14 00:05:28.418000,4139.101,4138.451,2250,2250
2021-04-14 00:05:28.690000,4138.952,4138.449,2250,890
2021-04-14 00:05:28.741000,4138.949,4138.242,2250,2250
2021-04-14 00:05:29.125000,4139.067,4138.24,3610,4190
2021-04-14 00:05:29.175000,4139.046,4138.333,2250,2250
2021-04-14 00:05:29.291000,4139.101,4138.346,3610,4190
2021-04-14 00:05:29.341000,4139.149,4138.451,2250,2250
2021-04-14 00:05:51.494000,4139.167,4138.231,3610,4190
2021-04-14 00:05:51.545000,4138.955,4138.242,2250,2250
2021-04-14 00:05:57.003000,4139.164,4138.237,3610,4190
2021-04-14 00:05:57.054000,4139.167,4138.436,2250,2250
2021-04-14 00:06:00.224000,4138.961,4138.44,2250,890
2021-04-14 00:06:00.275000,4138.946,4138.239,2250,2250
2021-04-14 00:06:00.412000,4139.158,4138.249,3610,4190
2021-04-14 00:06:00.462000,4139.101,4138.442,2250,2250
2021-04-14 00:06:01.478000,4139.101,4138.234,3610,4190
2021-04-14 00:06:01.529000,4138.958,4138.239,2250,2250
2021-04-14 00:06:56.927000,4139.158,4138.445,2250,2250
2021-04-14 00:07:09.458000,4139.458,4138.44,3610,4190
2021-04-14 00:07:09.508000,4139.467,4138.754,2250,2250
2021-04-14 00:07:21.848000,4139.146,4138.752,2250,890
2021-04-14 00:07:21.898000,4139.152,4138.451,2250,2250
2021-04-14 00:07:31.353000,4139.049,4138.446,2250,890
2021-04-14 00:07:31.403000,4139.058,4138.336,2250,2250
2021-04-14 00:07:31.513000,4139.064,4138.249,3610,4190
2021-04-14 00:07:31.564000,4138.901,4138.299,2250,2250
2021-04-14 00:09:36.439000,4139.149,4138.249,3610,4190
2021-04-14 00:09:36.489000,4139.161,4138.442,2250,2250
2021-04-14 00:09:50.623000,4139.164,4138.74,2250,890
2021-04-14 00:09:50.673000,4139.452,4138.736,2250,2250
2021-04-14 00:09:52.801000,4139.458,4138.44,3610,4190
2021-04-14 00:09:52.851000,4139.146,4138.436,2250,2250
2021-04-14 00:10:07.909000,4139.164,4138.249,3610,4190
2021-04-14 00:10:07.960000,4138.961,4138.254,2250,2250
2021-04-14 00:10:20.911000,4138.649,4138.297,2250,890
2021-04-14 00:10:20.962000,4138.649,4137.942,2250,2250
2021-04-14 00:11:02.313000,4138.649,4138.237,2250,890
2021-04-14 00:11:02.364000,4138.967,4138.245,2250,2250
2021-04-14 00:11:02.482000,4138.658,4138.297,2250,890
2021-04-14 00:11:02.533000,4138.658,4137.945,2250,2250
2021-04-14 00:11:02.634000,4138.664,4138.231,2250,890
2021-04-14 00:11:02.684000,4138.967,4138.248,2250,2250
2021-04-14 00:11:20.684000,4138.967,4137.997,3610,4190
2021-04-14 00:11:20.735000,4138.667,4137.933,2250,2250
2021-04-14 00:11:32.179000,4138.646,4138.246,2250,890
2021-04-14 00:11:32.229000,4138.901,4138.248,2250,2250
2021-04-14 00:11:53.387000,4139.152,4138.231,3610,4190
2021-04-14 00:11:53.437000,4139.158,4138.433,2250,2250
2021-04-14 00:11:53.543000,4139.155,4138.297,3610,4190
2021-04-14 00:11:53.593000,4138.946,4138.245,2250,2250
2021-04-14 00:11:55.162000,4139.149,4138.249,3610,4190
2021-04-14 00:11:55.213000,4139.146,4138.499,2250,2250
2021-04-14 00:11:55.324000,4138.967,4138.446,2250,890
2021-04-14 00:11:55.374000,4138.946,4138.254,2250,2250
2021-04-14 00:12:08.583000,4139.001,4138.246,3610,4190
2021-04-14 00:12:08.633000,4139.055,4138.333,2250,2250
2021-04-14 00:12:08.774000,4139.152,4138.331,3610,4190
2021-04-14 00:12:08.824000,4139.146,4138.454,2250,2250
2021-04-14 00:12:08.935000,4138.952,4138.434,2250,890
2021-04-14 00:12:08.985000,4138.946,4138.236,2250,2250
2021-04-14 00:12:13.483000,4139.152,4138.24,3610,4190
2021-04-14 00:12:13.534000,4139.167,4138.445,2250,2250
2021-04-14 00:12:19.138000,4138.967,4138.452,2250,890
2021-04-14 00:12:19.189000,4138.949,4138.251,2250,2250
2021-04-14 00:12:24.742000,4138.946,4138.431,2250,890
2021-04-14 00:12:24.792000,4139.101,4138.448,2250,2250
2021-04-14 00:12:39.622000,4138.901,4138.434,2250,890
2021-04-14 00:12:39.672000,4138.952,4138.233,2250,2250
2021-04-14 00:12:44.757000,4138.961,4138.446,2250,890
2021-04-14 00:12:44.807000,4139.152,4138.439,2250,2250
2021-04-14 00:13:17.481000,4138.964,4138.431,2250,890
2021-04-14 00:13:17.531000,4138.958,4138.251,2250,2250
2021-04-14 00:13:22.404000,4139.161,4138.24,3610,4190
2021-04-14 00:13:22.454000,4139.158,4138.433,2250,2250
2021-04-14 00:14:27.584000,4139.146,4138.649,2250,890
2021-04-14 00:14:27.634000,4139.301,4138.633,2250,2250
2021-04-14 00:14:28.731000,4139.455,4138.646,3610,4190
2021-04-14 00:14:28.781000,4139.464,4138.736,2250,2250
2021-04-14 00:14:29.225000,4139.349,4138.743,2250,890
2021-04-14 00:14:29.275000,4139.346,4138.645,2250,2250
2021-04-14 00:14:29.392000,4139.352,4138.731,2250,890
2021-04-14 00:14:29.442000,4139.464,4138.799,2250,2250
2021-04-14 00:14:46.027000,4139.449,4138.443,3610,4190
2021-04-14 00:14:46.077000,4139.155,4138.451,2250,2250
2021-04-14 00:14:52.298000,4138.964,4138.242,2250,2250
2021-04-14 00:15:25.374000,4138.661,4138.243,2250,890
2021-04-14 00:15:25.425000,4138.649,4137.939,2250,2250
2021-04-14 00:16:52.031000,4138.649,4138.449,2250,890
2021-04-14 00:16:52.081000,4139.149,4138.451,2250,2250
2021-04-14 00:16:52.197000,4139.155,4138.252,3610,4190
2021-04-14 00:16:52.247000,4138.949,4138.242,2250,2250
2021-04-14 00:16:54.787000,4139.167,4138.243,3610,4190
2021-04-14 00:16:54.838000,4139.155,4138.436,2250,2250
2021-04-14 00:17:27.111000,4138.955,4138.434,2250,890
2021-04-14 00:17:27.161000,4138.955,4138.299,2250,2250
2021-04-14 00:18:06.622000,4139.158,4138.297,3610,4190
2021-04-14 00:18:06.672000,4139.101,4138.439,2250,2250
2021-04-14 00:18:13.248000,4139.455,4138.449,3610,4190
2021-04-14 00:18:13.298000,4139.455,4138.751,2250,2250
2021-04-14 00:18:53.476000,4139.101,4138.752,2250,890
2021-04-14 00:18:53.527000,4139.146,4138.442,2250,2250
2021-04-14 00:19:08.766000,4138.901,4138.446,2250,890
2021-04-14 00:19:08.816000,4138.901,4138.251,2250,2250
2021-04-14 00:19:08.925000,4139.001,4138.246,3610,4190
2021-04-14 00:19:08.976000,4139.067,4138.354,2250,2250
2021-04-14 00:19:09.578000,4138.949,4138.337,2250,890
2021-04-14 00:19:09.628000,4138.961,4138.299,2250,2250
2021-04-14 00:19:10.558000,4139.161,4138.297,3610,4190
2021-04-14 00:19:10.609000,4139.155,4138.436,2250,2250
2021-04-14 00:19:12.449000,4138.964,4138.254,2250,2250
2021-04-14 00:19:13.208000,4139.161,4138.24,3610,4190
2021-04-14 00:19:13.258000,4139.164,4138.454,2250,2250
2021-04-14 00:19:13.689000,4139.052,4138.446,2250,890
2021-04-14 00:19:13.740000,4139.055,4138.342,2250,2250
2021-04-14 00:19:13.855000,4138.955,4138.349,2250,890
2021-04-14 00:19:13.905000,4138.955,4138.299,2250,2250
2021-04-14 00:19:39.531000,4139.146,4138.252,3610,4190
2021-04-14 00:19:39.581000,4139.101,4138.433,2250,2250
2021-04-14 00:19:39.855000,4138.949,4138.449,2250,890
2021-04-14 00:19:39.905000,4138.955,4138.251,2250,2250
2021-04-14 00:19:41.265000,4139.064,4138.246,3610,4190
2021-04-14 00:19:41.315000,4139.046,4138.333,2250,2250
2021-04-14 00:19:41.597000,4139.146,4138.397,3610,4190
2021-04-14 00:19:41.648000,4139.101,4138.433,2250,2250
2021-04-14 00:19:41.917000,4138.958,4138.449,2250,890
2021-04-14 00:19:41.967000,4138.961,4138.254,2250,2250
2021-04-14 00:19:44.603000,4138.952,4138.452,2250,890
2021-04-14 00:19:44.653000,4139.164,4138.454,2250,2250
2021-04-14 00:19:46.824000,4139.067,4138.452,2250,890
2021-04-14 00:19:46.874000,4139.067,4138.354,2250,2250
2021-04-14 00:19:47.157000,4139.061,4138.446,2250,890
2021-04-14 00:19:47.208000,4139.152,4138.433,2250,2250
2021-04-14 00:19:47.815000,4139.049,4138.452,2250,890
2021-04-14 00:19:47.865000,4139.052,4138.342,2250,2250
2021-04-14 00:19:47.976000,4139.164,4138.34,3610,4190
2021-04-14 00:19:48.026000,4139.158,4138.454,2250,2250
2021-04-14 00:19:51.230000,4138.901,4138.452,2250,890
2021-04-14 00:19:51.280000,4138.946,4138.299,2250,2250
2021-04-14 00:19:53.143000,4139.001,4138.297,3610,4190
2021-04-14 00:19:53.194000,4139.052,4138.345,2250,2250
2021-04-14 00:19:53.305000,4138.952,4138.34,2250,890
2021-04-14 00:19:53.356000,4138.964,4138.299,2250,2250
2021-04-14 00:19:53.489000,4139.067,4138.237,3610,4190
2021-04-14 00:19:53.540000,4139.001,4138.345,2250,2250
2021-04-14 00:19:54.134000,4138.952,4138.349,2250,890
2021-04-14 00:19:54.185000,4138.946,4138.251,2250,2250
2021-04-14 00:20:00.298000,4138.901,4137.94,3610,4190
2021-04-14 00:20:00.349000,4138.661,4137.954,2250,2250
2021-04-14 00:20:04.914000,4138.952,4137.997,3610,4190
2021-04-14 00:20:04.965000,4138.955,4138.242,2250,2250
2021-04-14 00:20:07.878000,4138.655,4138.243,2250,890
2021-04-14 00:20:07.928000,4138.658,4137.936,2250,2250
2021-04-14 00:20:14.030000,4138.961,4137.949,3610,4190
2021-04-14 00:20:14.080000,4138.955,4138.251,2250,2250
2021-04-14 00:20:22.989000,4138.846,4138.246,2250,890
2021-04-14 00:20:23.039000,4138.852,4138.136,2250,2250
2021-04-14 00:20:23.150000,4138.952,4138.197,3610,4190
2021-04-14 00:20:23.200000,4138.961,4138.233,2250,2250
2021-04-14 00:20:50.863000,4138.955,4137.94,3610,4190
2021-04-14 00:20:50.914000,4138.601,4137.948,2250,2250
2021-04-14 00:21:37.455000,4138.952,4137.94,3610,4190
2021-04-14 00:21:37.505000,4138.952,4138.242,2250,2250
2021-04-14 00:21:42.530000,4138.646,4138.237,2250,890
2021-04-14 00:21:42.580000,4138.658,4137.948,2250,2250
2021-04-14 00:21:46.176000,4138.646,4138.246,2250,890
2021-04-14 00:21:46.227000,4138.949,4138.251,2250,2250
2021-04-14 00:21:46.329000,4138.867,4138.246,2250,890
2021-04-14 00:21:46.379000,4138.855,4138.151,2250,2250
2021-04-14 00:21:46.493000,4138.955,4138.131,3610,4190
2021-04-14 00:21:46.543000,4138.967,4138.254,2250,2250
2021-04-14 00:21:46.651000,4138.846,4138.231,2250,890
2021-04-14 00:21:46.702000,4138.846,4138.151,2250,2250
2021-04-14 00:21:46.811000,4138.949,4138.131,3610,4190
2021-04-14 00:21:46.862000,4138.946,4138.245,2250,2250
2021-04-14 00:22:00.070000,4138.858,4138.234,2250,890
2021-04-14 00:22:00.121000,4138.849,4138.151,2250,2250
2021-04-14 00:22:00.526000,4138.849,4137.952,3610,4190
2021-04-14 00:22:00.577000,4138.667,4137.948,2250,2250
2021-04-14 00:22:00.682000,4138.861,4137.937,3610,4190
2021-04-14 00:22:00.733000,4138.864,4138.145,2250,2250
2021-04-14 00:22:01.049000,4138.664,4138.143,2250,890
2021-04-14 00:22:01.100000,4138.655,4137.999,2250,2250
2021-04-14 00:22:16.900000,4138.946,4137.931,3610,4190
2021-04-14 00:22:16.951000,4138.901,4138.239,2250,2250
2021-04-14 00:22:18.552000,4138.646,4138.243,2250,890
2021-04-14 00:22:18.603000,4138.658,4137.999,2250,2250
2021-04-14 00:23:36.310000,4138.949,4137.943,3610,4190
2021-04-14 00:23:36.360000,4138.952,4138.251,2250,2250
2021-04-14 00:23:46.792000,4138.664,4138.246,2250,890
2021-04-14 00:23:46.842000,4138.601,4137.933,2250,2250
2021-04-14 00:24:08.098000,4138.652,4138.237,2250,890
2021-04-14 00:24:08.148000,4138.967,4138.299,2250,2250
2021-04-14 00:24:11.834000,4139.167,4138.252,3610,4190
2021-04-14 00:24:11.884000,4139.158,4138.448,2250,2250
2021-04-14 00:24:12.467000,4139.152,4138.243,3610,4190
2021-04-14 00:24:12.517000,4138.949,4138.239,2250,2250
2021-04-14 00:24:17.847000,4139.149,4138.252,3610,4190
2021-04-14 00:24:17.897000,4139.149,4138.445,2250,2250
2021-04-14 00:24:18.007000,4138.901,4138.449,2250,890
2021-04-14 00:24:18.057000,4138.949,4138.254,2250,2250
2021-04-14 00:24:18.604000,4139.061,4138.249,3610,4190
2021-04-14 00:24:18.657000,4139.046,4138.336,2250,2250
2021-04-14 00:24:18.766000,4139.061,4138.446,2250,890
2021-04-14 00:24:18.816000,4139.146,4138.499,2250,2250
2021-04-14 00:24:21.235000,4138.958,4138.443,2250,890
2021-04-14 00:24:21.285000,4138.952,4138.251,2250,2250
2021-04-14 00:24:41.659000,4138.958,4138.449,2250,890
2021-04-14 00:24:41.709000,4139.155,4138.454,2250,2250
2021-04-14 00:24:43.112000,4138.952,4138.452,2250,890
2021-04-14 00:24:43.162000,4138.967,4138.245,2250,2250
2021-04-14 00:24:48.471000,4138.964,4138.446,2250,890
2021-04-14 00:24:48.521000,4139.161,4138.448,2250,2250
2021-04-14 00:24:59.350000,4139.164,4138.234,3610,4190
2021-04-14 00:24:59.401000,4138.952,4138.242,2250,2250
2021-04-14 00:24:59.508000,4138.949,4138.452,2250,890
2021-04-14 00:24:59.558000,4139.146,4138.451,2250,2250
2021-04-14 00:25:00.317000,4138.964,4138.443,2250,890
2021-04-14 00:25:00.367000,4138.901,4138.254,2250,2250
2021-04-14 00:25:08.652000,4139.152,4138.237,3610,4190
2021-04-14 00:25:08.702000,4139.101,4138.499,2250,2250
2021-04-14 00:25:29.794000,4139.446,4138.443,3610,4190
2021-04-14 00:25:29.844000,4139.464,4138.736,2250,2250
2021-04-14 00:25:29.955000,4139.152,4138.74,2250,890
2021-04-14 00:25:30.005000,4139.161,4138.448,2250,2250
2021-04-14 00:25:32.538000,4139.452,4138.751,2250,2250
2021-04-14 00:25:38.334000,4139.655,4138.746,3610,4190
2021-04-14 00:25:38.384000,4139.664,4138.939,2250,2250
2021-04-14 00:25:46.617000,4139.964,4138.943,3610,4190
2021-04-14 00:25:46.668000,4139.961,4139.254,2250,2250
2021-04-14 00:25:49.251000,4139.949,4138.937,3610,4190
2021-04-14 00:25:49.302000,4139.667,4138.954,2250,2250
2021-04-14 00:25:49.978000,4139.801,4138.946,3610,4190
2021-04-14 00:25:50.028000,4139.852,4139.133,2250,2250
2021-04-14 00:25:50.183000,4139.649,4139.146,2250,890
2021-04-14 00:25:50.233000,4139.661,4138.999,2250,2250
2021-04-14 00:25:52.238000,4139.801,4138.931,3610,4190
2021-04-14 00:25:52.289000,4139.864,4139.148,2250,2250
2021-04-14 00:25:52.398000,4139.652,4139.146,2250,890
2021-04-14 00:25:52.448000,4139.652,4138.936,2250,2250
2021-04-14 00:25:54.061000,4139.667,4139.297,2250,890
2021-04-14 00:25:54.112000,4139.946,4139.299,2250,2250
2021-04-14 00:25:54.220000,4139.667,4139.243,2250,890
2021-04-14 00:25:54.270000,4139.646,4138.936,2250,2250
2021-04-14 00:25:55.177000,4139.661,4139.297,2250,890
2021-04-14 00:25:55.227000,4139.961,4139.299,2250,2250
2021-04-14 00:26:01.072000,4139.652,4139.252,2250,890
2021-04-14 00:26:01.122000,4139.646,4138.948,2250,2250
2021-04-14 00:26:06.056000,4139.955,4138.934,3610,4190
2021-04-14 00:26:06.107000,4139.964,4139.251,2250,2250
2021-04-14 00:26:06.374000,4139.649,4139.243,2250,890
2021-04-14 00:26:06.424000,4139.649,4138.942,2250,2250
2021-04-14 00:26:06.534000,4139.964,4138.949,3610,4190
2021-04-14 00:26:06.585000,4139.946,4139.245,2250,2250
2021-04-14 00:26:44.177000,4139.601,4139.234,2250,890
2021-04-14 00:26:44.227000,4139.652,4138.939,2250,2250
2021-04-14 00:27:23.769000,4139.946,4138.94,3610,4190
2021-04-14 00:27:23.819000,4139.961,4139.239,2250,2250
2021-04-14 00:27:26.311000,4139.655,4139.246,2250,890
2021-04-14 00:27:26.361000,4139.661,4138.939,2250,2250
2021-04-14 00:27:38.159000,4139.964,4138.952,3610,4190
2021-04-14 00:27:38.209000,4139.949,4139.251,2250,2250
2021-04-14 00:28:21.237000,4139.655,4139.243,2250,890
2021-04-14 00:28:21.287000,4139.661,4138.945,2250,2250
2021-04-14 00:28:27.602000,4139.961,4138.946,3610,4190
2021-04-14 00:28:27.653000,4139.952,4139.251,2250,2250
2021-04-14 00:28:31.985000,4139.846,4139.243,2250,890
2021-04-14 00:28:32.035000,4139.855,4139.139,2250,2250
2021-04-14 00:28:32.991000,4139.852,4139.24,2250,890
2021-04-14 00:28:33.042000,4139.958,4139.233,2250,2250
2021-04-14 00:28:41.247000,4139.655,4139.231,2250,890
2021-04-14 00:28:41.298000,4139.601,4138.933,2250,2250
2021-04-14 00:28:41.886000,4139.967,4138.946,3610,4190
2021-04-14 00:28:41.937000,4139.958,4139.299,2250,2250
2021-04-14 00:28:42.346000,4139.652,4139.234,2250,890
2021-04-14 00:28:42.396000,4139.601,4138.939,2250,2250
2021-04-14 00:28:46.985000,4139.949,4138.997,3610,4190
2021-04-14 00:28:47.036000,4139.958,4139.239,2250,2250
2021-04-14 00:29:38.805000,4139.667,4139.24,2250,890
2021-04-14 00:29:38.856000,4139.664,4138.999,2250,2250
2021-04-14 00:29:45.969000,4139.958,4138.943,3610,4190
2021-04-14 00:29:46.020000,4139.955,4139.251,2250,2250
2021-04-14 00:30:12.198000,4139.601,4139.297,2250,890
2021-04-14 00:30:12.248000,4139.652,4138.942,2250,2250
2021-04-14 00:30:13.635000,4139.901,4138.997,3610,4190
2021-04-14 00:30:13.685000,4139.901,4139.233,2250,2250
2021-04-14 00:30:29.814000,4139.655,4139.231,2250,890
2021-04-14 00:30:29.864000,4139.649,4138.954,2250,2250
2021-04-14 00:31:08.948000,4139.658,4139.24,2250,890
2021-04-14 00:31:08.998000,4139.946,4139.254,2250,2250
2021-04-14 00:31:09.304000,4139.661,4139.297,2250,890
2021-04-14 00:31:09.354000,4139.652,4138.936,2250,2250
2021-04-14 00:31:38.906000,4139.401,4138.934,2250,890
2021-04-14 00:31:38.956000,4139.449,4138.742,2250,2250
2021-04-14 00:31:59.260000,4139.464,4138.952,2250,890
2021-04-14 00:31:59.311000,4139.664,4138.942,2250,2250
2021-04-14 00:32:06.643000,4139.649,4139.243,2250,890
2021-04-14 00:32:06.693000,4139.946,4139.236,2250,2250
2021-04-14 00:32:08.416000,4139.955,4138.997,3610,4190
2021-04-14 00:32:08.467000,4139.652,4138.945,2250,2250
2021-04-14 00:32:08.894000,4139.967,4138.937,3610,4190
2021-04-14 00:32:08.944000,4139.958,4139.233,2250,2250
2021-04-14 00:32:09.055000,4139.658,4139.237,2250,890
2021-04-14 00:32:09.106000,4139.646,4138.948,2250,2250
2021-04-14 00:32:09.214000,4139.846,4138.94,3610,4190
2021-04-14 00:32:09.265000,4139.849,4139.139,2250,2250
2021-04-14 00:32:10.754000,4139.655,4139.146,2250,890
2021-04-14 00:32:10.805000,4139.658,4138.945,2250,2250
2021-04-14 00:32:14.228000,4139.661,4139.246,2250,890
2021-04-14 00:32:14.279000,4139.961,4139.248,2250,2250
2021-04-14 00:32:14.741000,4139.801,4139.252,2250,890
2021-04-14 00:32:14.792000,4139.852,4139.142,2250,2250
2021-04-14 00:32:14.904000,4139.867,4138.937,3610,4190
2021-04-14 00:32:14.954000,4139.601,4138.951,2250,2250
2021-04-14 00:32:38.097000,4139.464,4138.937,2250,890
2021-04-14 00:32:38.147000,4139.452,4138.736,2250,2250
2021-04-14 00:32:42.256000,4139.664,4138.734,3610,4190
2021-04-14 00:32:42.307000,4139.646,4138.948,2250,2250
2021-04-14 00:33:00.799000,4139.561,4138.937,2250,890
2021-04-14 00:33:00.849000,4139.549,4138.842,2250,2250
2021-04-14 00:33:00.959000,4139.464,4138.843,2250,890
2021-04-14 00:33:01.010000,4139.452,4138.745,2250,2250
2021-04-14 00:33:09.091000,4139.158,4138.752,2250,890
2021-04-14 00:33:09.142000,4139.158,4138.442,2250,2250
2021-04-14 00:33:30.586000,4139.164,4138.749,2250,890
2021-04-14 00:33:30.636000,4139.464,4138.748,2250,2250
2021-04-14 00:33:32.021000,4139.301,4138.737,2250,890
2021-04-14 00:33:32.071000,4139.346,4138.648,2250,2250
2021-04-14 00:33:32.260000,4139.455,4138.637,3610,4190
2021-04-14 00:33:32.310000,4139.458,4138.739,2250,2250
2021-04-14 00:33:37.176000,4139.149,4138.731,2250,890
2021-04-14 00:33:37.226000,4139.161,4138.442,2250,2250
2021-04-14 00:33:44.206000,4139.452,4138.431,3610,4190
2021-04-14 00:33:44.257000,4139.464,4138.754,2250,2250
2021-04-14 00:33:44.366000,4139.167,4138.731,2250,890
2021-04-14 00:33:44.416000,4139.146,4138.448,2250,2250
2021-04-14 00:33:44.926000,4139.301,4138.437,3610,4190
2021-04-14 00:33:44.977000,4139.361,4138.639,2250,2250
2021-04-14 00:33:45.205000,4139.149,4138.697,2250,890
2021-04-14 00:33:45.255000,4139.155,4138.448,2250,2250
2021-04-14 00:34:29.369000,4139.446,4138.431,3610,4190
2021-04-14 00:34:29.419000,4139.464,4138.754,2250,2250
2021-04-14 00:35:52.725000,4139.101,4138.743,2250,890
2021-04-14 00:35:52.776000,4139.167,4138.439,2250,2250
2021-04-14 00:35:53.079000,4139.467,4138.443,3610,4190
2021-04-14 00:35:53.129000,4139.455,4138.733,2250,2250
2021-04-14 00:35:53.735000,4139.449,4138.446,3610,4190
2021-04-14 00:35:53.786000,4139.152,4138.448,2250,2250
2021-04-14 00:36:02.367000,4139.358,4138.639,2250,2250
2021-04-14 00:36:03.124000,4139.464,4138.697,3610,4190
2021-04-14 00:36:03.174000,4139.464,4138.748,2250,2250
2021-04-14 00:37:43.354000,4139.664,4138.74,3610,4190
2021-04-14 00:37:43.404000,4139.667,4138.933,2250,2250
2021-04-14 00:37:45.664000,4139.467,4138.934,2250,890
2021-04-14 00:37:45.715000,4139.446,4138.754,2250,2250
2021-04-14 00:37:57.746000,4139.658,4138.797,3610,4190
2021-04-14 00:37:57.796000,4139.646,4138.999,2250,2250
2021-04-14 00:39:01.768000,4139.949,4138.997,3610,4190
2021-04-14 00:39:01.818000,4139.961,4139.254,2250,2250
2021-04-14 00:39:24.478000,4140.158,4139.231,3610,4190
2021-04-14 00:39:24.528000,4140.152,4139.451,2250,2250
2021-04-14 00:39:30.820000,4140.158,4139.752,2250,890
2021-04-14 00:39:30.870000,4140.467,4139.745,2250,2250
2021-04-14 00:40:14.937000,4140.561,4139.734,3610,4190
2021-04-14 00:40:14.988000,4140.501,4139.845,2250,2250
2021-04-14 00:40:15.097000,4140.467,4139.846,2250,890
2021-04-14 00:40:15.147000,4140.452,4139.733,2250,2250
2021-04-14 00:40:15.625000,4140.664,4139.734,3610,4190
2021-04-14 00:40:15.676000,4140.646,4139.939,2250,2250
2021-04-14 00:40:32.090000,4140.461,4139.937,2250,890
2021-04-14 00:40:32.141000,4140.401,4139.748,2250,2250
2021-04-14 00:40:48.888000,4140.664,4139.734,3610,4190
2021-04-14 00:40:48.939000,4140.646,4139.939,2250,2250
2021-04-14 00:41:10.185000,4140.961,4139.943,3610,4190
2021-04-14 00:41:10.235000,4140.901,4140.254,2250,2250
2021-04-14 00:41:16.007000,4141.158,4140.243,3610,4190
2021-04-14 00:41:16.057000,4141.161,4140.451,2250,2250
2021-04-14 00:41:19.814000,4141.449,4140.497,3610,4190
2021-04-14 00:41:19.865000,4141.461,4140.742,2250,2250
2021-04-14 00:41:21.033000,4141.667,4140.74,3610,4190
2021-04-14 00:41:21.084000,4141.667,4140.945,2250,2250
2021-04-14 00:41:23.684000,4141.964,4140.997,3610,4190
2021-04-14 00:41:23.735000,4141.949,4141.233,2250,2250
2021-04-14 00:41:24.485000,4141.649,4141.231,2250,890
2021-04-14 00:41:24.535000,4141.664,4140.951,2250,2250
2021-04-14 00:41:25.765000,4141.961,4140.946,3610,4190
2021-04-14 00:41:25.815000,4141.949,4141.251,2250,2250
2021-04-14 00:41:30.816000,4141.867,4141.243,2250,890
2021-04-14 00:41:30.867000,4141.849,4141.136,2250,2250
2021-04-14 00:41:31.113000,4141.655,4141.152,2250,890
2021-04-14 00:41:31.163000,4141.601,4140.948,2250,2250
2021-04-14 00:41:41.774000,4141.401,4140.94,2250,890
2021-04-14 00:41:41.824000,4141.464,4140.748,2250,2250
2021-04-14 00:41:47.960000,4141.655,4140.737,3610,4190
2021-04-14 00:41:48.011000,4141.664,4140.948,2250,2250
2021-04-14 00:41:48.788000,4141.449,4140.934,2250,890
2021-04-14 00:41:48.838000,4141.455,4140.733,2250,2250
2021-04-14 00:41:52.117000,4141.601,4140.74,3610,4190
2021-04-14 00:41:52.167000,4141.661,4140.951,2250,2250
2021-04-14 00:42:38.228000,4141.961,4140.943,3610,4190
2021-04-14 00:42:38.278000,4141.961,4141.245,2250,2250
2021-04-14 00:42:38.747000,4141.855,4141.249,2250,890
2021-04-14 00:42:38.798000,4141.855,4141.154,2250,2250
2021-04-14 00:42:39.205000,4141.658,4141.146,2250,890
2021-04-14 00:42:39.255000,4141.652,4140.948,2250,2250
2021-04-14 00:42:44.378000,4141.967,4140.946,3610,4190
2021-04-14 00:42:44.429000,4141.901,4141.299,2250,2250
2021-04-14 00:42:44.538000,4141.646,4141.231,2250,890
2021-04-14 00:42:44.588000,4141.658,4140.942,2250,2250
2021-04-14 00:42:49.569000,4141.861,4140.946,3610,4190
2021-04-14 00:42:49.620000,4141.864,4141.139,2250,2250
2021-04-14 00:42:49.806000,4141.801,4140.943,3610,4190
2021-04-14 00:42:49.856000,4141.661,4140.951,2250,2250
2021-04-14 00:43:01.285000,4141.855,4140.937,3610,4190
2021-04-14 00:43:01.335000,4141.801,4141.133,2250,2250
2021-04-14 00:43:01.446000,4141.649,4141.131,2250,890
2021-04-14 00:43:01.496000,4141.649,4140.933,2250,2250
2021-04-14 00:43:24.040000,4141.658,4140.734,3610,4190
2021-04-14 00:43:24.090000,4141.467,4140.799,2250,2250
2021-04-14 00:43:31.139000,4141.164,4140.743,2250,890
2021-04-14 00:43:31.190000,4141.158,4140.445,2250,2250
2021-04-14 00:43:43.254000,4141.458,4140.437,3610,4190
2021-04-14 00:43:43.305000,4141.458,4140.742,2250,2250
2021-04-14 00:43:45.154000,4141.158,4140.752,2250,890
2021-04-14 00:43:45.205000,4141.149,4140.436,2250,2250
2021-04-14 00:43:48.502000,4141.361,4140.446,3610,4190
2021-04-14 00:43:48.552000,4141.358,4140.633,2250,2250
2021-04-14 00:43:49.353000,4141.449,4140.637,3610,4190
2021-04-14 00:43:49.403000,4141.449,4140.748,2250,2250
2021-04-14 00:43:49.516000,4141.146,4140.749,2250,890
2021-04-14 00:43:49.566000,4141.161,4140.445,2250,2250
2021-04-14 00:44:41.340000,4141.346,4140.497,3610,4190
2021-04-14 00:44:41.390000,4141.301,4140.699,2250,2250
2021-04-14 00:44:42.385000,4141.355,4140.737,2250,890
2021-04-14 00:44:42.436000,4141.449,4140.799,2250,2250
2021-04-14 00:44:55.617000,4141.152,4140.746,2250,890
2021-04-14 00:44:55.668000,4141.164,4140.436,2250,2250
2021-04-14 00:44:56.478000,4141.452,4140.443,3610,4190
2021-04-14 00:44:56.528000,4141.467,4140.739,2250,2250
2021-04-14 00:44:57.121000,4141.146,4140.734,2250,890
2021-04-14 00:44:57.171000,4141.101,4140.445,2250,2250
2021-04-14 00:44:58.604000,4141.452,4140.446,3610,4190
2021-04-14 00:44:58.654000,4141.464,4140.742,2250,2250
2021-04-14 00:44:59.669000,4141.152,4140.734,2250,890
2021-04-14 00:44:59.719000,4141.149,4140.439,2250,2250
2021-04-14 00:45:02.424000,4141.364,4140.44,3610,4190
2021-04-14 00:45:02.475000,4141.361,4140.642,2250,2250
2021-04-14 00:45:02.583000,4141.158,4140.64,2250,890
2021-04-14 00:45:02.633000,4141.167,4140.448,2250,2250
2021-04-14 00:45:48.054000,4141.458,4140.449,3610,4190
2021-04-14 00:45:48.105000,4141.455,4140.751,2250,2250
2021-04-14 00:45:53.772000,4141.601,4140.746,3610,4190
2021-04-14 00:45:53.822000,4141.667,4140.936,2250,2250
2021-04-14 00:46:01.365000,4141.952,4140.937,3610,4190
2021-04-14 00:46:01.415000,4141.967,4141.251,2250,2250
2021-04-14 00:46:01.524000,4141.649,4141.231,2250,890
2021-04-14 00:46:01.575000,4141.664,4140.954,2250,2250
2021-04-14 00:46:04.699000,4141.964,4140.94,3610,4190
2021-04-14 00:46:04.750000,4141.952,4141.233,2250,2250
2021-04-14 00:46:05.263000,4141.852,4141.246,2250,890
2021-04-14 00:46:05.314000,4141.849,4141.133,2250,2250
2021-04-14 00:46:05.424000,4141.649,4141.143,2250,890
2021-04-14 00:46:05.474000,4141.652,4140.945,2250,2250
2021-04-14 00:46:15.237000,4141.946,4140.934,3610,4190
2021-04-14 00:46:15.287000,4141.949,4141.242,2250,2250
2021-04-14 00:46:16.545000,4141.664,4141.246,2250,890
2021-04-14 00:46:16.596000,4141.655,4140.954,2250,2250
2021-04-14 00:46:37.197000,4141.446,4140.946,2250,890
2021-04-14 00:46:37.248000,4141.401,4140.745,2250,2250
2021-04-14 00:46:46.812000,4141.152,4140.74,2250,890
2021-04-14 00:46:46.863000,4141.164,4140.433,2250,2250
2021-04-14 00:46:58.651000,4141.364,4140.452,3610,4190
2021-04-14 00:46:58.702000,4141.361,4140.639,2250,2250
2021-04-14 00:46:58.811000,4141.155,4140.64,2250,890
2021-04-14 00:46:58.862000,4141.155,4140.445,2250,2250
2021-04-14 00:46:58.973000,4141.367,4140.497,3610,4190
2021-04-14 00:46:59.023000,4141.346,4140.645,2250,2250
2021-04-14 00:46:59.530000,4141.455,4140.646,3610,4190
2021-04-14 00:46:59.581000,4141.455,4140.748,2250,2250
2021-04-14 00:47:05.518000,4141.161,4140.797,2250,890
2021-04-14 00:47:05.569000,4141.155,4140.433,2250,2250
2021-04-14 00:47:15.503000,4141.455,4140.437,3610,4190
2021-04-14 00:47:15.554000,4141.458,4140.748,2250,2250
2021-04-14 00:48:11.081000,4141.646,4140.743,3610,4190
2021-04-14 00:48:11.131000,4141.655,4140.939,2250,2250
2021-04-14 00:48:11.559000,4141.401,4140.937,2250,890
2021-04-14 00:48:11.610000,4141.455,4140.748,2250,2250
2021-04-14 00:48:14.404000,4141.661,4140.749,3610,4190
2021-04-14 00:48:14.455000,4141.658,4140.954,2250,2250
2021-04-14 00:49:01.021000,4141.449,4140.934,2250,890
2021-04-14 00:49:01.071000,4141.401,4140.751,2250,2250
2021-04-14 00:49:13.060000,4141.367,4140.734,2250,890
2021-04-14 00:49:13.111000,4141.361,4140.651,2250,2250
2021-04-14 00:49:13.528000,4141.161,4140.634,2250,890
2021-04-14 00:49:13.578000,4141.101,4140.439,2250,2250
2021-04-14 00:49:17.742000,4141.467,4140.44,3610,4190
2021-04-14 00:49:17.792000,4141.464,4140.733,2250,2250
2021-04-14 00:49:17.900000,4141.101,4140.797,2250,890
2021-04-14 00:49:17.951000,4141.167,4140.439,2250,2250
2021-04-14 00:49:19.953000,4141.352,4140.443,3610,4190
2021-04-14 00:49:20.003000,4141.301,4140.654,2250,2250
2021-04-14 00:49:20.335000,4141.446,4140.649,3610,4190
2021-04-14 00:49:20.386000,4141.452,4140.751,2250,2250
2021-04-14 00:50:03.046000,4141.552,4140.743,3610,4190
2021-04-14 00:50:03.097000,4141.555,4140.833,2250,2250
2021-04-14 00:50:03.205000,4141.449,4140.849,2250,890
2021-04-14 00:50:03.256000,4141.401,4140.751,2250,2250
2021-04-14 00:50:48.753000,4141.167,4140.74,2250,890
2021-04-14 00:50:48.803000,4141.152,4140.454,2250,2250
2021-04-14 00:51:22.573000,4141.461,4140.446,3610,4190
2021-04-14 00:51:22.624000,4141.449,4140.739,2250,2250
2021-04-14 00:51:22.733000,4141.164,4140.749,2250,890
2021-04-14 00:51:22.783000,4141.101,4140.448,2250,2250
2021-04-14 00:51:50.392000,4141.046,4140.44,2250,890
2021-04-14 00:51:50.442000,4141.052,4140.399,2250,2250
2021-04-14 00:51:50.550000,4141.167,4140.334,3610,4190
2021-04-14 00:51:50.600000,4141.149,4140.445,2250,2250
2021-04-14 00:51:50.877000,4140.961,4140.449,2250,890
2021-04-14 00:51:50.927000,4140.901,4140.242,2250,2250
2021-04-14 00:51:51.174000,4141.167,4140.252,3610,4190
2021-04-14 00:51:51.225000,4141.158,4140.445,2250,2250
2021-04-14 00:51:55.418000,4140.949,4140.446,2250,890
2021-04-14 00:51:55.469000,4140.901,4140.299,2250,2250
2021-04-14 00:52:01.579000,4140.664,4140.243,2250,890
2021-04-14 00:52:01.630000,4140.661,4139.942,2250,2250
2021-04-14 00:52:01.736000,4140.964,4139.943,3610,4190
2021-04-14 00:52:01.786000,4140.964,4140.245,2250,2250
2021-04-14 00:52:29.279000,4140.652,4140.237,2250,890
2021-04-14 00:52:29.329000,4140.658,4139.939,2250,2250
2021-04-14 00:52:32.224000,4140.455,4139.952,2250,890
2021-04-14 00:52:32.275000,4140.452,4139.799,2250,2250
2021-04-14 00:52:45.127000,4140.149,4139.752,2250,890
2021-04-14 00:52:45.178000,4140.161,4139.499,2250,2250
2021-04-14 00:52:52.116000,4140.055,4139.443,2250,890
2021-04-14 00:52:52.167000,4140.055,4139.339,2250,2250
2021-04-14 00:52:52.276000,4140.146,4139.397,3610,4190
2021-04-14 00:52:52.326000,4140.167,4139.448,2250,2250
2021-04-14 00:52:52.775000,4139.949,4139.452,2250,890
2021-04-14 00:52:52.825000,4139.955,4139.248,2250,2250
2021-04-14 00:53:10.858000,4140.101,4139.231,3610,4190
2021-04-14 00:53:10.908000,4140.155,4139.451,2250,2250
2021-04-14 00:53:11.017000,4139.949,4139.443,2250,890
2021-04-14 00:53:11.067000,4139.952,4139.242,2250,2250
2021-04-14 00:53:11.177000,4140.158,4139.243,3610,4190
2021-04-14 00:53:11.228000,4140.164,4139.442,2250,2250
2021-04-14 00:53:12.428000,4139.949,4139.446,2250,890
2021-04-14 00:53:12.479000,4139.961,4139.245,2250,2250
2021-04-14 00:53:18.329000,4140.152,4139.249,3610,4190
2021-04-14 00:53:18.380000,4140.161,4139.454,2250,2250
2021-04-14 00:53:18.647000,4139.946,4139.434,2250,890
2021-04-14 00:53:18.698000,4139.958,4139.236,2250,2250
2021-04-14 00:53:19.732000,4140.149,4139.252,3610,4190
2021-04-14 00:53:19.782000,4140.167,4139.439,2250,2250
2021-04-14 00:53:19.893000,4139.967,4139.431,2250,890
2021-04-14 00:53:19.944000,4139.946,4139.248,2250,2250
2021-04-14 00:53:21.732000,4140.164,4139.249,3610,4190
2021-04-14 00:53:21.783000,4140.101,4139.499,2250,2250
2021-04-14 00:54:07.080000,4140.449,4139.437,3610,4190
2021-04-14 00:54:07.130000,4140.446,4139.739,2250,2250
2021-04-14 00:54:14.909000,4140.146,4139.749,2250,890
2021-04-14 00:54:14.960000,4140.149,4139.439,2250,2250
2021-04-14 00:54:15.072000,4139.958,4139.449,2250,890
2021-04-14 00:54:15.123000,4139.946,4139.239,2250,2250
2021-04-14 00:54:36.921000,4139.664,4139.252,2250,890
2021-04-14 00:54:36.971000,4139.655,4138.936,2250,2250
2021-04-14 00:54:38.320000,4139.901,4138.931,3610,4190
2021-04-14 00:54:38.370000,4139.901,4139.239,2250,2250
2021-04-14 00:54:39.127000,4139.852,4139.234,2250,890
2021-04-14 00:54:39.178000,4139.849,4139.142,2250,2250
2021-04-14 00:54:39.866000,4139.952,4139.197,3610,4190
2021-04-14 00:54:39.916000,4139.967,4139.242,2250,2250
2021-04-14 00:54:47.933000,4139.664,4139.246,2250,890
2021-04-14 00:54:47.984000,4139.661,4138.936,2250,2250
2021-04-14 00:55:01.212000,4139.467,4138.739,2250,2250
2021-04-14 00:55:10.686000,4139.149,4138.746,2250,890
2021-04-14 00:55:10.737000,4139.146,4138.451,2250,2250
2021-04-14 00:55:38.861000,4139.161,4138.631,2250,890
2021-04-14 00:55:38.916000,4139.349,4138.636,2250,2250
2021-04-14 00:55:39.660000,4139.455,4138.634,3610,4190
2021-04-14 00:55:39.711000,4139.467,4138.799,2250,2250
2021-04-14 00:55:39.815000,4139.161,4138.743,2250,890
2021-04-14 00:55:39.866000,4139.152,4138.448,2250,2250
2021-04-14 00:55:48.624000,4138.958,4138.434,2250,890
2021-04-14 00:55:48.674000,4138.955,4138.233,2250,2250
2021-04-14 00:56:23.231000,4139.149,4138.243,3610,4190
2021-04-14 00:56:23.282000,4139.155,4138.445,2250,2250
2021-04-14 00:57:06.670000,4138.955,4138.443,2250,890
2021-04-14 00:57:06.721000,4138.901,4138.233,2250,2250
2021-04-14 00:57:09.262000,4139.158,4138.237,3610,4190
2021-04-14 00:57:09.313000,4139.161,4138.499,2250,2250
2021-04-14 00:57:14.622000,4138.967,4138.431,2250,890
2021-04-14 00:57:14.672000,4138.955,4138.299,2250,2250
2021-04-14 00:57:36.120000,4139.101,4138.249,3610,4190
2021-04-14 00:57:36.171000,4139.149,4138.451,2250,2250
2021-04-14 00:57:38.582000,4138.955,4138.446,2250,890
2021-04-14 00:57:38.632000,4138.958,4138.248,2250,2250
2021-04-14 00:57:39.725000,4139.101,4138.237,3610,4190
2021-04-14 00:57:39.775000,4139.158,4138.439,2250,2250
2021-04-14 00:58:33.272000,4138.901,4138.443,2250,890
2021-04-14 00:58:33.322000,4138.967,4138.299,2250,2250
2021-04-14 00:58:34.296000,4139.146,4138.297,3610,4190
2021-04-14 00:58:34.346000,4139.101,4138.442,2250,2250
2021-04-14 00:59:05.060000,4139.358,4138.497,3610,4190
2021-04-14 00:59:05.111000,4139.349,4138.642,2250,2250
2021-04-14 00:59:05.738000,4139.461,4138.64,3610,4190
2021-04-14 00:59:05.789000,4139.446,4138.742,2250,2250
2021-04-14 00:59:09.887000,4139.152,4138.752,2250,890
2021-04-14 00:59:09.937000,4139.149,4138.433,2250,2250
2021-04-14 00:59:10.532000,4139.401,4138.431,3610,4190
2021-04-14 00:59:10.582000,4139.461,4138.745,2250,2250
2021-04-14 00:59:20.888000,4139.358,4138.731,2250,890
2021-04-14 00:59:20.938000,4139.364,4138.636,2250,2250
2021-04-14 00:59:22.796000,4139.349,4138.431,3610,4190
2021-04-14 00:59:22.847000,4139.167,4138.499,2250,2250
2021-04-14 00:59:25.954000,4139.401,4138.452,3610,4190
2021-04-14 00:59:26.004000,4139.446,4138.751,2250,2250
2021-04-14 01:00:07.958000,4139.349,4138.731,2250,890
2021-04-14 01:00:08.008000,4139.349,4138.699,2250,2250
2021-04-14 01:00:08.115000,4139.155,4138.64,2250,890
2021-04-14 01:00:08.165000,4139.164,4138.454,2250,2250
2021-04-14 01:00:22.145000,4139.446,4138.497,3610,4190
2021-04-14 01:00:22.195000,4139.452,4138.745,2250,2250
2021-04-14 01:01:13.743000,4139.167,4138.797,2250,890
2021-04-14 01:01:13.793000,4139.149,4138.448,2250,2250
2021-04-14 01:01:15.932000,4139.346,4138.497,3610,4190
2021-04-14 01:01:15.983000,4139.355,4138.654,2250,2250
2021-04-14 01:01:16.097000,4139.358,4138.737,2250,890
2021-04-14 01:01:16.147000,4139.458,4138.742,2250,2250
2021-04-14 01:01:22.824000,4139.164,4138.442,2250,2250
2021-04-14 01:01:33.420000,4138.955,4138.452,2250,890
2021-04-14 01:01:33.470000,4138.964,4138.251,2250,2250
2021-04-14 01:01:42.341000,4138.955,4138.443,2250,890
2021-04-14 01:01:42.392000,4139.167,4138.454,2250,2250
2021-04-14 01:02:04.923000,4139.449,4138.431,3610,4190
2021-04-14 01:02:04.973000,4139.461,4138.799,2250,2250
2021-04-14 01:02:06.963000,4139.655,4138.746,3610,4190
2021-04-14 01:02:07.013000,4139.601,4138.999,2250,2250
2021-04-14 01:02:13.449000,4139.655,4139.234,2250,890
2021-04-14 01:02:13.500000,4139.958,4139.239,2250,2250
2021-04-14 01:02:15.639000,4139.601,4139.243,2250,890
2021-04-14 01:02:15.690000,4139.664,4138.948,2250,2250
2021-04-14 01:02:33.787000,4139.955,4138.931,3610,4190
2021-04-14 01:02:33.838000,4139.901,4139.239,2250,2250
2021-04-14 01:02:44.027000,4139.655,4139.237,2250,890
2021-04-14 01:02:44.078000,4139.667,4138.954,2250,2250
2021-04-14 01:02:45.143000,4139.964,4138.934,3610,4190
2021-04-14 01:02:45.194000,4139.955,4139.242,2250,2250
2021-04-14 01:02:46.846000,4139.655,4139.231,2250,890
2021-04-14 01:02:46.897000,4139.646,4138.942,2250,2250
2021-04-14 01:02:57.117000,4139.558,4138.94,2250,890
2021-04-14 01:02:57.167000,4139.567,4138.854,2250,2250
2021-04-14 01:02:58.483000,4139.449,4138.849,2250,890
2021-04-14 01:02:58.533000,4139.464,4138.799,2250,2250
2021-04-14 01:03:33.201000,4139.667,4138.749,3610,4190
2021-04-14 01:03:33.251000,4139.652,4138.951,2250,2250
2021-04-14 01:03:33.841000,4139.458,4138.949,2250,890
2021-04-14 01:03:33.892000,4139.464,4138.739,2250,2250
2021-04-14 01:03:42.175000,4139.649,4138.737,3610,4190
2021-04-14 01:03:42.225000,4139.652,4138.939,2250,2250
2021-04-14 01:03:44.582000,4139.455,4138.946,2250,890
2021-04-14 01:03:44.632000,4139.458,4138.736,2250,2250
2021-04-14 01:03:50.646000,4139.601,4138.797,3610,4190
2021-04-14 01:03:50.696000,4139.652,4138.939,2250,2250
2021-04-14 01:03:54.141000,4139.452,4138.952,2250,890
2021-04-14 01:03:54.192000,4139.452,4138.739,2250,2250
2021-04-14 01:03:56.135000,4139.558,4138.749,3610,4190
2021-04-14 01:03:56.185000,4139.552,4138.845,2250,2250
2021-04-14 01:03:56.294000,4139.664,4138.897,3610,4190
2021-04-14 01:03:56.344000,4139.655,4138.948,2250,2250
2021-04-14 01:03:59.693000,4139.455,4138.946,2250,890
2021-04-14 01:03:59.743000,4139.449,4138.742,2250,2250
2021-04-14 01:04:03.425000,4139.546,4138.746,3610,4190
2021-04-14 01:04:03.476000,4139.546,4138.848,2250,2250
2021-04-14 01:04:05.674000,4139.455,4138.834,2250,890
2021-04-14 01:04:05.725000,4139.467,4138.733,2250,2250
2021-04-14 01:04:09.585000,4139.561,4138.734,3610,4190
2021-04-14 01:04:09.636000,4139.561,4138.833,2250,2250
2021-04-14 01:04:11.207000,4139.661,4138.843,3610,4190
2021-04-14 01:04:11.257000,4139.667,4138.939,2250,2250
2021-04-14 01:05:07.069000,4139.864,4138.943,3610,4190
2021-04-14 01:05:07.119000,4139.861,4139.133,2250,2250
2021-04-14 01:05:09.784000,4139.952,4139.131,3610,4190
2021-04-14 01:05:09.835000,4139.946,4139.254,2250,2250
2021-04-14 01:05:16.537000,4139.649,4139.249,2250,890
2021-04-14 01:05:16.587000,4139.658,4138.939,2250,2250
2021-04-14 01:05:32.393000,4139.567,4138.997,2250,890
2021-04-14 01:05:32.443000,4139.555,4138.845,2250,2250
2021-04-14 01:05:32.552000,4139.461,4138.852,2250,890
2021-04-14 01:05:32.603000,4139.455,4138.751,2250,2250
2021-04-14 01:05:53.261000,4139.646,4138.743,3610,4190
2021-04-14 01:05:53.311000,4139.664,4138.936,2250,2250
2021-04-14 01:06:10.657000,4139.901,4138.949,3610,4190
2021-04-14 01:06:10.708000,4139.952,4139.254,2250,2250
2021-04-14 01:08:06.161000,4140.167,4139.234,3610,4190
2021-04-14 01:08:06.211000,4140.155,4139.454,2250,2250
2021-04-14 01:08:26.576000,4139.958,4139.431,2250,890
2021-04-14 01:08:26.626000,4139.955,4139.245,2250,2250
2021-04-14 01:08:42.181000,4139.964,4138.937,3610,4190
2021-04-14 01:08:42.232000,4139.649,4138.942,2250,2250
2021-04-14 01:08:51.778000,4139.958,4138.952,3610,4190
2021-04-14 01:08:51.828000,4139.961,4139.242,2250,2250
2021-04-14 01:09:51.611000,4140.149,4139.297,3610,4190
2021-04-14 01:09:51.661000,4140.149,4139.445,2250,2250
2021-04-14 01:10:01.908000,4140.001,4139.446,2250,890
2021-04-14 01:10:01.958000,4140.052,4139.342,2250,2250
2021-04-14 01:10:02.297000,4140.101,4139.334,3610,4190
2021-04-14 01:10:02.347000,4140.152,4139.448,2250,2250
2021-04-14 01:10:07.665000,4139.949,4139.443,2250,890
2021-04-14 01:10:07.715000,4139.949,4139.245,2250,2250
2021-04-14 01:10:53.039000,4139.949,4138.943,3610,4190
2021-04-14 01:10:53.089000,4139.649,4138.948,2250,2250
2021-04-14 01:10:53.197000,4139.655,4139.252,2250,890
2021-04-14 01:10:53.247000,4139.901,4139.233,2250,2250
2021-04-14 01:10:58.243000,4139.649,4139.237,2250,890
2021-04-14 01:10:58.294000,4139.652,4138.999,2250,2250
2021-04-14 01:11:02.394000,4139.952,4138.94,3610,4190
2021-04-14 01:11:02.445000,4139.964,4139.251,2250,2250
2021-04-14 01:11:24.315000,4139.855,4139.24,2250,890
2021-04-14 01:11:24.365000,4139.855,4139.136,2250,2250
2021-04-14 01:11:25.543000,4139.667,4139.152,2250,890
2021-04-14 01:11:25.593000,4139.661,4138.951,2250,2250
2021-04-14 01:11:31.191000,4139.801,4138.949,3610,4190
2021-04-14 01:11:31.241000,4139.867,4139.151,2250,2250
2021-04-14 01:11:32.980000,4139.658,4139.137,2250,890
2021-04-14 01:11:33.031000,4139.661,4138.954,2250,2250
2021-04-14 01:11:39.713000,4139.946,4138.952,3610,4190
2021-04-14 01:11:39.763000,4139.949,4139.236,2250,2250
2021-04-14 01:12:01.510000,4139.964,4138.934,3610,4190
2021-04-14 01:12:01.560000,4139.661,4138.942,2250,2250
2021-04-14 01:12:19.877000,4139.901,4138.952,3610,4190
2021-04-14 01:12:19.927000,4139.952,4139.233,2250,2250
2021-04-14 01:12:45.189000,4140.161,4139.252,3610,4190
2021-04-14 01:12:45.240000,4140.149,4139.445,2250,2250
2021-04-14 01:13:43.979000,4139.949,4139.437,2250,890
2021-04-14 01:13:44.029000,4139.946,4139.248,2250,2250
2021-04-14 01:13:46.548000,4140.101,4139.252,3610,4190
2021-04-14 01:13:46.598000,4140.152,4139.499,2250,2250
2021-04-14 01:13:47.602000,4139.964,4139.434,2250,890
2021-04-14 01:13:47.652000,4139.955,4139.299,2250,2250
2021-04-14 01:13:49.106000,4140.149,4139.297,3610,4190
2021-04-14 01:13:49.156000,4140.158,4139.442,2250,2250
2021-04-14 01:14:21.678000,4140.464,4139.497,3610,4190
2021-04-14 01:14:21.728000,4140.452,4139.799,2250,2250
2021-04-14 01:15:04.940000,4140.652,4139.797,3610,4190
2021-04-14 01:15:04.990000,4140.601,4139.948,2250,2250
2021-04-14 01:15:08.435000,4140.901,4139.997,3610,4190
2021-04-14 01:15:08.486000,4140.967,4140.236,2250,2250
2021-04-14 01:15:09.368000,4140.955,4139.931,3610,4190
2021-04-14 01:15:09.418000,4140.601,4139.951,2250,2250
2021-04-14 01:15:15.899000,4140.655,4139.743,3610,4190
2021-04-14 01:15:15.949000,4140.446,4139.799,2250,2250
2021-04-14 01:15:16.218000,4140.655,4139.746,3610,4190
2021-04-14 01:15:16.269000,4140.664,4139.999,2250,2250
2021-04-14 01:15:38.343000,4140.958,4139.952,3610,4190
2021-04-14 01:15:38.393000,4140.901,4140.251,2250,2250
2021-04-14 01:15:51.034000,4141.146,4140.237,3610,4190
2021-04-14 01:15:51.084000,4141.149,4140.445,2250,2250
2021-04-14 01:16:00.631000,4141.449,4140.434,3610,4190
2021-04-14 01:16:00.681000,4141.455,4140.754,2250,2250
2021-04-14 01:16:02.087000,4141.652,4140.749,3610,4190
2021-04-14 01:16:02.137000,4141.664,4140.936,2250,2250
2021-04-14 01:16:02.280000,4142.152,4140.931,3610,4190
2021-04-14 01:16:02.330000,4142.149,4141.445,2250,2250
2021-04-14 01:16:04.033000,4142.467,4141.449,3610,4190
2021-04-14 01:16:04.083000,4142.458,4141.748,2250,2250
2021-04-14 01:16:06.044000,4142.164,4141.731,2250,890
2021-04-14 01:16:06.094000,4142.158,4141.433,2250,2250
2021-04-14 01:16:06.393000,4142.464,4141.497,3610,4190
2021-04-14 01:16:06.443000,4142.401,4141.748,2250,2250
2021-04-14 01:16:07.064000,4142.161,4141.737,2250,890
2021-04-14 01:16:07.115000,4142.149,4141.454,2250,2250
2021-04-14 01:16:07.227000,4142.452,4141.452,3610,4190
2021-04-14 01:16:07.277000,4142.467,4141.733,2250,2250
2021-04-14 01:16:15.406000,4142.652,4141.746,3610,4190
2021-04-14 01:16:15.457000,4142.652,4141.933,2250,2250
2021-04-14 01:16:15.729000,4142.461,4141.952,2250,890
2021-04-14 01:16:15.780000,4142.461,4141.736,2250,2250
2021-04-14 01:16:17.115000,4142.661,4141.749,3610,4190
2021-04-14 01:16:17.166000,4142.667,4141.948,2250,2250
2021-04-14 01:16:19.024000,4142.401,4141.934,2250,890
2021-04-14 01:16:19.075000,4142.464,4141.742,2250,2250
2021-04-14 01:16:19.183000,4142.601,4141.731,3610,4190
2021-04-14 01:16:19.233000,4142.646,4141.933,2250,2250
2021-04-14 01:16:20.949000,4142.467,4141.946,2250,890
2021-04-14 01:16:21.000000,4142.464,4141.745,2250,2250
2021-04-14 01:16:21.110000,4142.564,4141.746,3610,4190
2021-04-14 01:16:21.160000,4142.558,4141.851,2250,2250
2021-04-14 01:16:21.568000,4142.658,4141.846,3610,4190
2021-04-14 01:16:21.619000,4142.646,4141.948,2250,2250
2021-04-14 01:16:22.594000,4142.567,4141.934,2250,890
2021-04-14 01:16:22.644000,4142.552,4141.839,2250,2250
2021-04-14 01:16:22.753000,4142.646,4141.84,3610,4190
2021-04-14 01:16:22.803000,4142.661,4141.951,2250,2250
2021-04-14 01:16:23.164000,4142.401,4141.946,2250,890
2021-04-14 01:16:23.215000,4142.458,4141.742,2250,2250
2021-04-14 01:16:38.385000,4142.661,4141.749,3610,4190
2021-04-14 01:16:38.435000,4142.601,4141.999,2250,2250
2021-04-14 01:16:38.546000,4142.452,4141.931,2250,890
2021-04-14 01:16:38.596000,4142.467,4141.745,2250,2250
2021-04-14 01:16:39.407000,4142.664,4141.737,3610,4190
2021-04-14 01:16:39.457000,4142.655,4141.945,2250,2250
2021-04-14 01:16:41.816000,4142.461,4141.952,2250,890
2021-04-14 01:16:41.867000,4142.452,4141.742,2250,2250
2021-04-14 01:16:51.774000,4142.164,4141.743,2250,890
2021-04-14 01:16:51.824000,4142.152,4141.439,2250,2250
2021-04-14 01:16:59.412000,4142.452,4141.449,3610,4190
2021-04-14 01:16:59.463000,4142.464,4141.751,2250,2250
2021-04-14 01:17:02.775000,4142.664,4141.752,3610,4190
2021-04-14 01:17:02.826000,4142.661,4141.948,2250,2250
2021-04-14 01:17:03.661000,4142.561,4141.997,2250,890
2021-04-14 01:17:03.711000,4142.567,4141.839,2250,2250
2021-04-14 01:17:03.824000,4142.501,4141.797,3610,4190
2021-04-14 01:17:03.874000,4142.449,4141.799,2250,2250
2021-04-14 01:17:04.462000,4142.555,4141.743,3610,4190
2021-04-14 01:17:04.512000,4142.546,4141.833,2250,2250
2021-04-14 01:17:04.745000,4142.449,4141.84,2250,890
2021-04-14 01:17:04.795000,4142.458,4141.748,2250,2250
2021-04-14 01:17:07.904000,4142.461,4141.934,2250,890
2021-04-14 01:17:07.955000,4142.664,4141.933,2250,2250
2021-04-14 01:17:09.251000,4142.549,4141.943,2250,890
2021-04-14 01:17:09.301000,4142.546,4141.833,2250,2250
2021-04-14 01:17:10.094000,4142.452,4141.852,2250,890
2021-04-14 01:17:10.144000,4142.452,4141.751,2250,2250
2021-04-14 01:17:14.048000,4142.561,4141.752,3610,4190
2021-04-14 01:17:14.098000,4142.546,4141.842,2250,2250
2021-04-14 01:17:14.378000,4142.646,4141.834,3610,4190
2021-04-14 01:17:14.428000,4142.652,4141.933,2250,2250
2021-04-14 01:17:15.885000,4142.461,4141.946,2250,890
2021-04-14 01:17:15.935000,4142.449,4141.733,2250,2250
2021-04-14 01:17:16.045000,4142.664,4141.749,3610,4190
2021-04-14 01:17:16.095000,4142.649,4141.948,2250,2250
2021-04-14 01:17:16.553000,4142.667,4141.752,3610,4190
2021-04-14 01:17:16.603000,4142.452,4141.799,2250,2250
2021-04-14 01:17:20.758000,4142.646,4141.749,3610,4190
2021-04-14 01:17:20.809000,4142.655,4141.936,2250,2250
2021-04-14 01:17:22.706000,4142.452,4141.997,2250,890
2021-04-14 01:17:22.757000,4142.446,4141.748,2250,2250
2021-04-14 01:17:23.139000,4142.567,4141.731,3610,4190
2021-04-14 01:17:23.189000,4142.558,4141.845,2250,2250
2021-04-14 01:17:23.299000,4142.446,4141.846,2250,890
2021-04-14 01:17:23.349000,4142.452,4141.742,2250,2250
2021-04-14 01:17:24.760000,4142.667,4141.746,3610,4190
2021-04-14 01:17:24.810000,4142.667,4141.999,2250,2250
2021-04-14 01:17:25.213000,4142.449,4141.946,2250,890
2021-04-14 01:17:25.264000,4142.449,4141.733,2250,2250
2021-04-14 01:17:26.172000,4142.652,4141.797,3610,4190
2021-04-14 01:17:26.223000,4142.652,4141.948,2250,2250
2021-04-14 01:17:34.733000,4142.558,4141.937,2250,890
2021-04-14 01:17:34.783000,4142.549,4141.839,2250,2250
2021-04-14 01:17:34.897000,4142.552,4141.737,3610,4190
2021-04-14 01:17:34.947000,4142.452,4141.748,2250,2250
2021-04-14 01:18:01.247000,4142.658,4141.737,3610,4190
2021-04-14 01:18:01.297000,4142.655,4141.939,2250,2250
2021-04-14 01:18:01.407000,4142.401,4141.937,2250,890
2021-04-14 01:18:01.457000,4142.452,4141.799,2250,2250
2021-04-14 01:18:02.012000,4142.564,4141.737,3610,4190
2021-04-14 01:18:02.062000,4142.552,4141.845,2250,2250
2021-04-14 01:18:02.333000,4142.461,4141.837,2250,890
2021-04-14 01:18:02.384000,4142.452,4141.748,2250,2250
2021-04-14 01:18:02.495000,4142.449,4141.837,2250,890
2021-04-14 01:18:02.545000,4142.546,4141.839,2250,2250
2021-04-14 01:18:02.844000,4142.658,4141.834,3610,4190
2021-04-14 01:18:02.895000,4142.667,4141.936,2250,2250
2021-04-14 01:18:03.005000,4142.455,4141.943,2250,890
2021-04-14 01:18:03.055000,4142.446,4141.754,2250,2250
2021-04-14 01:18:11.831000,4142.101,4141.743,2250,890
2021-04-14 01:18:11.882000,4142.152,4141.451,2250,2250
2021-04-14 01:18:12.297000,4142.467,4141.434,3610,4190
2021-04-14 01:18:12.347000,4142.455,4141.733,2250,2250
2021-04-14 01:18:13.441000,4142.146,4141.743,2250,890
2021-04-14 01:18:13.492000,4142.149,4141.499,2250,2250
2021-04-14 01:18:22.826000,4142.361,4141.645,2250,2250
2021-04-14 01:18:23.145000,4142.401,4141.652,3610,4190
2021-04-14 01:18:23.195000,4142.449,4141.742,2250,2250
2021-04-14 01:18:24.268000,4142.161,4141.746,2250,890
2021-04-14 01:18:24.318000,4142.158,4141.445,2250,2250
2021-04-14 01:18:30.137000,4142.349,4141.443,3610,4190
2021-04-14 01:18:30.188000,4142.364,4141.699,2250,2250
2021-04-14 01:18:30.460000,4142.467,4141.646,3610,4190
2021-04-14 01:18:30.510000,4142.464,4141.751,2250,2250
2021-04-14 01:18:48.972000,4142.655,4141.749,3610,4190
2021-04-14 01:18:49.022000,4142.655,4141.942,2250,2250
2021-04-14 01:18:52.326000,4142.964,4141.946,3610,4190
2021-04-14 01:18:52.376000,4142.949,4142.233,2250,2250
2021-04-14 01:18:56.508000,4142.658,4142.246,2250,890
2021-04-14 01:18:56.558000,4142.646,4141.951,2250,2250
2021-04-14 01:18:59.019000,4142.949,4141.94,3610,4190
2021-04-14 01:18:59.069000,4142.967,4142.242,2250,2250
2021-04-14 01:19:04.623000,4143.152,4142.243,3610,4190
2021-04-14 01:19:04.673000,4143.161,4142.442,2250,2250
2021-04-14 01:19:05.484000,4142.901,4142.449,2250,890
2021-04-14 01:19:05.534000,4142.901,4142.299,2250,2250
2021-04-14 01:19:08.048000,4142.664,4142.237,2250,890
2021-04-14 01:19:08.098000,4142.649,4141.951,2250,2250
2021-04-14 01:19:12.725000,4142.452,4141.931,2250,890
2021-04-14 01:19:12.776000,4142.446,4141.733,2250,2250
2021-04-14 01:19:14.697000,4142.564,4141.731,3610,4190
2021-04-14 01:19:14.747000,4142.555,4141.842,2250,2250
2021-04-14 01:19:15.066000,4142.664,4141.831,3610,4190
2021-04-14 01:19:15.116000,4142.646,4141.936,2250,2250
2021-04-14 01:19:16.348000,4142.449,4141.946,2250,890
2021-04-14 01:19:16.399000,4142.455,4141.745,2250,2250
2021-04-14 01:19:19.038000,4142.449,4141.931,2250,890
2021-04-14 01:19:19.089000,4142.661,4141.948,2250,2250
2021-04-14 01:19:30.046000,4142.401,4141.937,2250,890
2021-04-14 01:19:30.097000,4142.455,4141.733,2250,2250
2021-04-14 01:19:30.839000,4142.652,4141.743,3610,4190
2021-04-14 01:19:30.890000,4142.649,4141.999,2250,2250
2021-04-14 01:19:44.422000,4142.458,4141.949,2250,890
2021-04-14 01:19:44.472000,4142.455,4141.745,2250,2250
2021-04-14 01:19:46.382000,4142.564,4141.734,3610,4190
2021-04-14 01:19:46.432000,4142.555,4141.854,2250,2250
2021-04-14 01:19:46.547000,4142.464,4141.852,2250,890
2021-04-14 01:19:46.597000,4142.464,4141.733,2250,2250
2021-04-14 01:19:46.703000,4142.564,4141.752,3610,4190
2021-04-14 01:19:46.753000,4142.558,4141.899,2250,2250
2021-04-14 01:19:46.862000,4142.664,4141.852,3610,4190
2021-04-14 01:19:46.912000,4142.661,4141.945,2250,2250
2021-04-14 01:20:06.017000,4142.967,4141.952,3610,4190
2021-04-14 01:20:06.068000,4142.964,4142.248,2250,2250
2021-04-14 01:20:06.908000,4142.649,4142.252,2250,890
2021-04-14 01:20:06.958000,4142.601,4141.942,2250,2250
2021-04-14 01:20:11.383000,4142.861,4141.943,3610,4190
2021-04-14 01:20:11.433000,4142.846,4142.151,2250,2250
2021-04-14 01:20:11.543000,4142.667,4142.143,2250,890
2021-04-14 01:20:11.593000,4142.664,4141.942,2250,2250
2021-04-14 01:20:12.278000,4142.858,4141.952,3610,4190
2021-04-14 01:20:12.329000,4142.855,4142.136,2250,2250
2021-04-14 01:20:12.461000,4142.664,4142.143,2250,890
2021-04-14 01:20:12.512000,4142.649,4141.939,2250,2250
2021-04-14 01:20:25.258000,4142.401,4141.943,2250,890
2021-04-14 01:20:25.309000,4142.464,4141.754,2250,2250
2021-04-14 01:20:58.444000,4142.555,4141.752,3610,4190
2021-04-14 01:20:58.494000,4142.546,4141.836,2250,2250
2021-04-14 01:20:59.281000,4142.401,4141.843,2250,890
2021-04-14 01:20:59.331000,4142.446,4141.736,2250,2250
2021-04-14 01:20:59.719000,4142.667,4141.749,3610,4190
2021-04-14 01:20:59.769000,4142.667,4141.945,2250,2250
2021-04-14 01:20:59.877000,4142.567,4141.937,2250,890
2021-04-14 01:20:59.928000,4142.567,4141.836,2250,2250
2021-04-14 01:21:00.409000,4142.461,4141.849,2250,890
2021-04-14 01:21:00.459000,4142.401,4141.799,2250,2250
2021-04-14 01:21:01.399000,4142.552,4141.734,3610,4190
2021-04-14 01:21:01.449000,4142.501,4141.842,2250,2250
2021-04-14 01:21:01.560000,4142.552,4141.943,2250,890
2021-04-14 01:21:01.610000,4142.601,4141.951,2250,2250
2021-04-14 01:21:04.317000,4142.458,4141.94,2250,890
2021-04-14 01:21:04.367000,4142.455,4141.799,2250,2250
2021-04-14 01:21:17.182000,4142.146,4141.445,2250,2250
2021-04-14 01:21:30.933000,4141.949,4141.449,2250,890
2021-04-14 01:21:30.983000,4141.949,4141.236,2250,2250
2021-04-14 01:21:32.519000,4141.667,4141.237,2250,890
2021-04-14 01:21:32.570000,4141.658,4140.942,2250,2250
2021-04-14 01:21:40.681000,4141.961,4140.949,3610,4190
2021-04-14 01:21:40.731000,4141.901,4141.245,2250,2250
2021-04-14 01:21:41.823000,4141.646,4141.243,2250,890
2021-04-14 01:21:41.874000,4141.667,4140.999,2250,2250
2021-04-14 01:21:43.187000,4141.861,4140.931,3610,4190
2021-04-14 01:21:43.237000,4141.861,4141.145,2250,2250
2021-04-14 01:21:43.346000,4141.858,4140.934,3610,4190
2021-04-14 01:21:43.397000,4141.655,4140.954,2250,2250
2021-04-14 01:21:48.629000,4141.961,4140.943,3610,4190
2021-04-14 01:21:48.679000,4141.949,4141.239,2250,2250
2021-04-14 01:21:49.496000,4141.646,4141.252,2250,890
2021-04-14 01:21:49.547000,4141.646,4140.951,2250,2250
2021-04-14 01:21:55.169000,4141.946,4140.937,3610,4190
2021-04-14 01:21:55.220000,4141.952,4141.299,2250,2250
2021-04-14 01:21:56.021000,4141.667,4141.237,2250,890
2021-04-14 01:21:56.071000,4141.658,4140.936,2250,2250
2021-04-14 01:21:59.383000,4141.901,4140.997,3610,4190
2021-04-14 01:21:59.433000,4141.901,4141.254,2250,2250
2021-04-14 01:22:00.909000,4141.658,4141.246,2250,890
2021-04-14 01:22:00.959000,4141.658,4140.939,2250,2250
2021-04-14 01:22:01.452000,4141.961,4140.937,3610,4190
2021-04-14 01:22:01.502000,4141.961,4141.251,2250,2250
2021-04-14 01:22:03.383000,4142.161,4141.231,3610,4190
2021-04-14 01:22:03.433000,4142.149,4141.433,2250,2250
2021-04-14 01:22:03.544000,4141.952,4141.44,2250,890
2021-04-14 01:22:03.594000,4141.967,4141.233,2250,2250
2021-04-14 01:22:10.723000,4142.001,4141.231,3610,4190
2021-04-14 01:22:10.773000,4142.058,4141.345,2250,2250
2021-04-14 01:22:11.228000,4141.967,4141.334,2250,890
2021-04-14 01:22:11.278000,4141.949,4141.242,2250,2250
2021-04-14 01:22:11.867000,4142.155,4141.237,3610,4190
2021-04-14 01:22:11.918000,4142.152,4141.436,2250,2250
2021-04-14 01:22:12.026000,4142.001,4141.497,2250,890
2021-04-14 01:22:12.077000,4142.049,4141.342,2250,2250
2021-04-14 01:22:12.190000,4141.967,4141.346,2250,890
2021-04-14 01:22:12.241000,4141.964,4141.239,2250,2250
2021-04-14 01:22:17.325000,4142.052,4141.237,3610,4190
2021-04-14 01:22:17.376000,4142.046,4141.399,2250,2250
2021-04-14 01:22:17.484000,4141.958,4141.346,2250,890
2021-04-14 01:22:17.535000,4141.955,4141.245,2250,2250
2021-04-14 01:22:31.732000,4141.664,4141.231,2250,890
2021-04-14 01:22:31.783000,4141.649,4140.954,2250,2250
2021-04-14 01:22:31.890000,4141.961,4140.949,3610,4190
2021-04-14 01:22:31.940000,4141.961,4141.233,2250,2250
2021-04-14 01:22:33.237000,4141.658,4141.246,2250,890
2021-04-14 01:22:33.288000,4141.601,4140.945,2250,2250
2021-04-14 01:22:38.772000,4141.949,4140.937,3610,4190
2021-04-14 01:22:38.822000,4141.946,4141.251,2250,2250
2021-04-14 01:22:39.471000,4141.858,4141.24,2250,890
2021-04-14 01:22:39.522000,4141.855,4141.136,2250,2250
2021-04-14 01:22:40.290000,4141.601,4141.134,2250,890
2021-04-14 01:22:40.341000,4141.646,4140.939,2250,2250
2021-04-14 01:22:40.613000,4141.949,4140.943,3610,4190
2021-04-14 01:22:40.663000,4141.901,4141.242,2250,2250
2021-04-14 01:22:41.249000,4141.849,4141.234,2250,890
2021-04-14 01:22:41.299000,4141.867,4141.139,2250,2250
2021-04-14 01:22:41.408000,4141.658,4141.131,2250,890
2021-04-14 01:22:41.458000,4141.658,4140.999,2250,2250
2021-04-14 01:22:51.130000,4141.946,4140.937,3610,4190
2021-04-14 01:22:51.180000,4141.949,4141.251,2250,2250
2021-04-14 01:23:04.399000,4142.164,4141.237,3610,4190
2021-04-14 01:23:04.449000,4142.149,4141.433,2250,2250
2021-04-14 01:23:08.449000,4141.901,4141.431,2250,890
2021-04-14 01:23:08.499000,4141.967,4141.236,2250,2250
2021-04-14 01:23:10.155000,4142.161,4141.231,3610,4190
2021-04-14 01:23:10.205000,4142.167,4141.451,2250,2250
2021-04-14 01:23:11.041000,4141.901,4141.431,2250,890
2021-04-14 01:23:11.091000,4141.901,4141.254,2250,2250
2021-04-14 01:23:30.561000,4141.661,4141.243,2250,890
2021-04-14 01:23:30.612000,4141.601,4140.933,2250,2250
2021-04-14 01:23:43.137000,4141.446,4140.94,2250,890
2021-04-14 01:23:43.187000,4141.401,4140.748,2250,2250
2021-04-14 01:23:59.156000,4141.564,4140.734,3610,4190
2021-04-14 01:23:59.206000,4141.567,4140.836,2250,2250
2021-04-14 01:23:59.321000,4141.501,4140.931,2250,890
2021-04-14 01:23:59.371000,4141.646,4140.933,2250,2250
2021-04-14 01:24:20.734000,4141.955,4140.949,3610,4190
2021-04-14 01:24:20.784000,4141.946,4141.248,2250,2250
2021-04-14 01:24:23.997000,4141.649,4141.231,2250,890
2021-04-14 01:24:24.047000,4141.655,4140.933,2250,2250
2021-04-14 01:24:32.922000,4141.858,4140.946,3610,4190
2021-04-14 01:24:32.972000,4141.867,4141.142,2250,2250
2021-04-14 01:24:33.081000,4141.964,4141.149,3610,4190
2021-04-14 01:24:33.132000,4141.967,4141.239,2250,2250
2021-04-14 01:24:36.689000,4141.846,4141.231,2250,890
2021-04-14 01:24:36.739000,4141.858,4141.151,2250,2250
2021-04-14 01:24:36.848000,4141.864,4140.943,3610,4190
2021-04-14 01:24:36.898000,4141.646,4140.999,2250,2250
2021-04-14 01:24:39.944000,4141.949,4140.94,3610,4190
2021-04-14 01:24:39.995000,4141.901,4141.248,2250,2250
2021-04-14 01:24:40.102000,4141.801,4141.246,2250,890
2021-04-14 01:24:40.152000,4141.861,4141.136,2250,2250
2021-04-14 01:24:40.261000,4141.955,4141.146,3610,4190
2021-04-14 01:24:40.311000,4141.955,4141.299,2250,2250
2021-04-14 01:24:42.573000,4141.846,4141.297,2250,890
2021-04-14 01:24:42.624000,4141.849,4141.145,2250,2250
2021-04-14 01:24:44.263000,4141.646,4141.134,2250,890
2021-04-14 01:24:44.313000,4141.658,4140.948,2250,2250
2021-04-14 01:24:49.877000,4141.801,4140.943,3610,4190
2021-04-14 01:24:49.927000,4141.861,4141.154,2250,2250
2021-04-14 01:24:50.389000,4141.967,4141.152,3610,4190
2021-04-14 01:24:50.439000,4141.958,4141.251,2250,2250
2021-04-14 01:25:00.527000,4141.652,4141.234,2250,890
2021-04-14 01:25:00.578000,4141.664,4140.942,2250,2250
2021-04-14 01:25:00.848000,4141.861,4140.934,3610,4190
2021-04-14 01:25:00.899000,4141.861,4141.142,2250,2250
2021-04-14 01:25:01.011000,4141.667,4141.131,2250,890
2021-04-14 01:25:01.062000,4141.646,4140.945,2250,2250
2021-04-14 01:25:01.878000,4141.655,4141.297,2250,890
2021-04-14 01:25:01.928000,4141.946,4141.236,2250,2250
2021-04-14 01:25:02.213000,4141.846,4141.243,2250,890
2021-04-14 01:25:02.264000,4141.864,4141.139,2250,2250
2021-04-14 01:25:02.378000,4141.961,4141.146,3610,4190
2021-04-14 01:25:02.428000,4141.958,4141.233,2250,2250
2021-04-14 01:25:08.336000,4142.101,4141.252,3610,4190
2021-04-14 01:25:08.387000,4142.101,4141.448,2250,2250
2021-04-14 01:25:16.477000,4141.946,4141.431,2250,890
2021-04-14 01:25:16.528000,4141.949,4141.251,2250,2250
2021-04-14 01:25:59.563000,4141.652,4141.237,2250,890
2021-04-14 01:25:59.613000,4141.667,4140.999,2250,2250
2021-04-14 01:26:21.935000,4141.952,4140.946,3610,4190
2021-04-14 01:26:21.985000,4141.955,4141.242,2250,2250
2021-04-14 01:26:23.272000,4141.861,4141.237,2250,890
2021-04-14 01:26:23.322000,4141.864,4141.142,2250,2250
2021-04-14 01:26:24.075000,4141.658,4141.197,2250,890
2021-04-14 01:26:24.125000,4141.649,4140.999,2250,2250
2021-04-14 01:26:24.564000,4141.855,4140.94,3610,4190
2021-04-14 01:26:24.615000,4141.801,4141.139,2250,2250
2021-04-14 01:26:24.722000,4141.949,4141.143,3610,4190
2021-04-14 01:26:24.772000,4141.967,4141.242,2250,2250
2021-04-14 01:26:25.235000,4141.849,4141.231,2250,890
2021-04-14 01:26:25.286000,4141.855,4141.136,2250,2250
2021-04-14 01:26:25.396000,4141.658,4141.143,2250,890
2021-04-14 01:26:25.447000,4141.664,4140.951,2250,2250
2021-04-14 01:26:26.057000,4141.961,4140.94,3610,4190
2021-04-14 01:26:26.107000,4141.949,4141.299,2250,2250
2021-04-14 01:26:30.743000,4141.864,4141.243,2250,890
2021-04-14 01:26:30.793000,4141.849,4141.136,2250,2250
2021-04-14 01:26:30.903000,4141.658,4141.149,2250,890
2021-04-14 01:26:30.953000,4141.646,4140.936,2250,2250
2021-04-14 01:26:32.352000,4141.852,4140.931,3610,4190
2021-04-14 01:26:32.402000,4141.861,4141.139,2250,2250
2021-04-14 01:26:36.932000,4141.955,4141.137,3610,4190
2021-04-14 01:26:36.983000,4141.955,4141.248,2250,2250
2021-04-14 01:26:38.830000,4141.864,4141.249,2250,890
2021-04-14 01:26:38.880000,4141.861,4141.199,2250,2250
2021-04-14 01:26:40.125000,4141.967,4141.14,3610,4190
2021-04-14 01:26:40.176000,4141.967,4141.239,2250,2250
2021-04-14 01:26:43.308000,4141.655,4141.24,2250,890
2021-04-14 01:26:43.358000,4141.649,4140.939,2250,2250
2021-04-14 01:26:44.223000,4141.852,4140.997,3610,4190
2021-04-14 01:26:44.273000,4141.867,4141.142,2250,2250
2021-04-14 01:26:46.491000,4141.655,4141.197,2250,890
2021-04-14 01:26:46.541000,4141.652,4140.933,2250,2250
2021-04-14 01:26:48.207000,4141.952,4140.931,3610,4190
2021-04-14 01:26:48.257000,4141.949,4141.242,2250,2250
2021-04-14 01:26:48.444000,4141.801,4141.234,2250,890
2021-04-14 01:26:48.494000,4141.864,4141.148,2250,2250
2021-04-14 01:26:49.325000,4141.658,4141.14,2250,890
2021-04-14 01:26:49.375000,4141.655,4140.954,2250,2250
2021-04-14 01:26:52.750000,4141.864,4140.949,3610,4190
2021-04-14 01:26:52.800000,4141.858,4141.199,2250,2250
2021-04-14 01:26:53.820000,4141.646,4141.146,2250,890
2021-04-14 01:26:53.871000,4141.655,4140.999,2250,2250
2021-04-14 01:26:55.749000,4141.855,4140.946,3610,4190
2021-04-14 01:26:55.800000,4141.846,4141.142,2250,2250
2021-04-14 01:26:57.893000,4141.649,4141.131,2250,890
2021-04-14 01:26:57.944000,4141.649,4140.939,2250,2250
2021-04-14 01:27:02.431000,4141.864,4140.934,3610,4190
2021-04-14 01:27:02.481000,4141.801,4141.145,2250,2250
2021-04-14 01:27:02.858000,4141.958,4141.134,3610,4190
2021-04-14 01:27:02.909000,4141.949,4141.242,2250,2250
2021-04-14 01:27:03.424000,4141.655,4141.231,2250,890
2021-04-14 01:27:03.475000,4141.661,4140.945,2250,2250
2021-04-14 01:27:05.852000,4141.864,4140.946,3610,4190
2021-04-14 01:27:05.902000,4141.867,4141.139,2250,2250
2021-04-14 01:27:06.011000,4141.958,4141.131,3610,4190
2021-04-14 01:27:06.062000,4141.955,4141.248,2250,2250
2021-04-14 01:27:15.355000,4141.667,4141.24,2250,890
2021-04-14 01:27:15.405000,4141.601,4140.933,2250,2250
2021-04-14 01:27:21.226000,4141.955,4140.94,3610,4190
2021-04-14 01:27:21.276000,4141.958,4141.236,2250,2250
2021-04-14 01:27:37.667000,4141.864,4141.231,2250,890
2021-04-14 01:27:37.717000,4141.864,4141.151,2250,2250
2021-04-14 01:27:37.827000,4141.601,4141.197,2250,890
2021-04-14 01:27:37.877000,4141.661,4140.939,2250,2250
2021-04-14 01:28:07.419000,4141.801,4140.997,3610,4190
2021-04-14 01:28:07.470000,4141.867,4141.154,2250,2250
2021-04-14 01:28:09.560000,4141.601,4141.149,2250,890
2021-04-14 01:28:09.610000,4141.652,4140.942,2250,2250
2021-04-14 01:28:09.721000,4141.858,4140.937,3610,4190
2021-04-14 01:28:09.772000,4141.855,4141.133,2250,2250
2021-04-14 01:28:10.125000,4141.655,4141.146,2250,890
2021-04-14 01:28:10.175000,4141.664,4140.933,2250,2250
2021-04-14 01:28:31.891000,4141.546,4140.946,2250,890
2021-04-14 01:28:31.941000,4141.549,4140.839,2250,2250
2021-04-14 01:28:32.137000,4141.464,4140.852,2250,890
2021-04-14 01:28:32.188000,4141.464,4140.745,2250,2250
2021-04-14 01:28:32.296000,4141.501,4140.74,3610,4190
2021-04-14 01:28:32.347000,4141.501,4140.848,2250,2250
2021-04-14 01:28:34.628000,4141.464,4140.843,2250,890
2021-04-14 01:28:34.678000,4141.449,4140.748,2250,2250
2021-04-14 01:28:44.521000,4141.649,4140.749,3610,4190
2021-04-14 01:28:44.571000,4141.649,4140.999,2250,2250
2021-04-14 01:28:51.569000,4141.564,4140.931,2250,890
2021-04-14 01:28:51.619000,4141.555,4140.899,2250,2250
2021-04-14 01:28:52.364000,4141.458,4140.849,2250,890
2021-04-14 01:28:52.414000,4141.461,4140.736,2250,2250
2021-04-14 01:28:56.979000,4141.546,4140.797,3610,4190
2021-04-14 01:28:57.030000,4141.564,4140.899,2250,2250
2021-04-14 01:29:00.388000,4141.452,4140.852,2250,890
2021-04-14 01:29:00.439000,4141.461,4140.739,2250,2250
2021-04-14 01:29:01.507000,4141.567,4140.734,3610,4190
2021-04-14 01:29:01.557000,4141.501,4140.833,2250,2250
2021-04-14 01:29:01.692000,4141.467,4140.846,2250,890
2021-04-14 01:29:01.742000,4141.467,4140.736,2250,2250
2021-04-14 01:29:05.918000,4141.601,4140.752,3610,4190
2021-04-14 01:29:05.969000,4141.661,4140.936,2250,2250
2021-04-14 01:29:13.953000,4141.446,4140.943,2250,890
2021-04-14 01:29:14.003000,4141.446,4140.739,2250,2250
2021-04-14 01:29:44.062000,4141.161,4140.752,2250,890
2021-04-14 01:29:44.112000,4141.158,4140.445,2250,2250
2021-04-14 01:30:17.931000,4140.946,4140.431,2250,890
2021-04-14 01:30:17.981000,4140.952,4140.254,2250,2250
2021-04-14 01:30:22.440000,4140.664,4140.231,2250,890
2021-04-14 01:30:22.491000,4140.664,4139.954,2250,2250
2021-04-14 01:30:37.034000,4140.649,4139.797,3610,4190
2021-04-14 01:30:37.085000,4140.458,4139.748,2250,2250
2021-04-14 01:30:37.193000,4140.558,4139.737,3610,4190
2021-04-14 01:30:37.243000,4140.552,4139.851,2250,2250
2021-04-14 01:30:37.514000,4140.649,4139.897,3610,4190
2021-04-14 01:30:37.564000,4140.649,4139.999,2250,2250
2021-04-14 01:30:37.831000,4140.452,4139.997,2250,890
2021-04-14 01:30:37.881000,4140.467,4139.799,2250,2250
2021-04-14 01:30:38.474000,4140.649,4139.746,3610,4190
2021-04-14 01:30:38.524000,4140.664,4139.999,2250,2250
2021-04-14 01:30:39.483000,4140.446,4139.934,2250,890
2021-04-14 01:30:39.533000,4140.464,4139.754,2250,2250
2021-04-14 01:30:40.353000,4140.601,4139.743,3610,4190
2021-04-14 01:30:40.403000,4140.646,4139.945,2250,2250
2021-04-14 01:30:40.671000,4140.546,4139.952,2250,890
2021-04-14 01:30:40.722000,4140.549,4139.899,2250,2250
2021-04-14 01:30:40.833000,4140.664,4139.897,3610,4190
2021-04-14 01:30:40.884000,4140.664,4139.954,2250,2250
2021-04-14 01:30:43.212000,4140.461,4139.943,2250,890
2021-04-14 01:30:43.263000,4140.461,4139.748,2250,2250
2021-04-14 01:30:45.249000,4140.601,4139.734,3610,4190
2021-04-14 01:30:45.299000,4140.601,4139.948,2250,2250
2021-04-14 01:30:50.425000,4140.858,4139.934,3610,4190
2021-04-14 01:30:50.476000,4140.846,4140.148,2250,2250
2021-04-14 01:30:50.583000,4140.649,4140.197,2250,890
2021-04-14 01:30:50.633000,4140.601,4139.999,2250,2250
2021-04-14 01:30:54.038000,4140.452,4139.937,2250,890
2021-04-14 01:30:54.089000,4140.446,4139.748,2250,2250
2021-04-14 01:31:00.563000,4140.155,4139.749,2250,890
2021-04-14 01:31:00.614000,4140.101,4139.451,2250,2250
2021-04-14 01:31:01.044000,4140.146,4139.243,3610,4190
2021-04-14 01:31:01.095000,4139.901,4139.254,2250,2250
2021-04-14 01:31:07.157000,4139.658,4139.252,2250,890
2021-04-14 01:31:07.207000,4139.658,4138.939,2250,2250
2021-04-14 01:31:08.607000,4139.401,4138.997,2250,890
2021-04-14 01:31:08.657000,4139.455,4138.799,2250,2250
2021-04-14 01:31:12.097000,4139.646,4138.752,3610,4190
2021-04-14 01:31:12.148000,4139.667,4138.948,2250,2250
2021-04-14 01:31:14.370000,4139.864,4138.952,3610,4190
2021-04-14 01:31:14.420000,4139.867,4139.145,2250,2250
2021-04-14 01:31:14.540000,4139.967,4139.143,3610,4190
2021-04-14 01:31:14.591000,4139.955,4139.299,2250,2250
2021-04-14 01:31:15.482000,4139.852,4139.249,2250,890
2021-04-14 01:31:15.533000,4139.861,4139.151,2250,2250
2021-04-14 01:31:15.644000,4139.967,4139.152,3610,4190
2021-04-14 01:31:15.694000,4139.901,4139.239,2250,2250
2021-04-14 01:31:24.497000,4139.858,4139.246,2250,890
2021-04-14 01:31:24.547000,4139.861,4139.151,2250,2250
2021-04-14 01:31:24.657000,4139.964,4139.152,3610,4190
2021-04-14 01:31:24.708000,4139.967,4139.248,2250,2250
2021-04-14 01:31:28.785000,4139.667,4139.249,2250,890
2021-04-14 01:31:28.835000,4139.661,4138.942,2250,2250
2021-04-14 01:31:30.238000,4139.967,4138.94,3610,4190
2021-04-14 01:31:30.288000,4139.964,4139.248,2250,2250
2021-04-14 01:31:56.503000,4140.167,4139.231,3610,4190
2021-04-14 01:31:56.554000,4140.101,4139.445,2250,2250
2021-04-14 01:31:59.313000,4139.967,4139.452,2250,890
2021-04-14 01:31:59.364000,4139.952,4139.236,2250,2250
2021-04-14 01:31:59.798000,4140.064,4139.249,3610,4190
2021-04-14 01:31:59.849000,4140.064,4139.399,2250,2250
2021-04-14 01:31:59.958000,4140.161,4139.34,3610,4190
2021-04-14 01:32:00.009000,4140.167,4139.442,2250,2250
2021-04-14 01:32:03.171000,4139.949,4139.437,2250,890
2021-04-14 01:32:03.222000,4139.961,4139.245,2250,2250
2021-04-14 01:32:03.732000,4139.955,4139.349,2250,890
2021-04-14 01:32:03.782000,4140.001,4139.333,2250,2250
2021-04-14 01:32:03.893000,4139.967,4139.334,2250,890
2021-04-14 01:32:03.943000,4139.901,4139.245,2250,2250
2021-04-14 01:32:04.327000,4140.001,4139.231,3610,4190
2021-04-14 01:32:04.378000,4140.058,4139.342,2250,2250
2021-04-14 01:32:04.808000,4140.155,4139.346,3610,4190
2021-04-14 01:32:04.858000,4140.155,4139.442,2250,2250
2021-04-14 01:32:07.687000,4140.452,4139.443,3610,4190
2021-04-14 01:32:07.737000,4140.452,4139.799,2250,2250
2021-04-14 01:32:12.304000,4140.101,4139.743,2250,890
2021-04-14 01:32:12.354000,4140.149,4139.499,2250,2250
2021-04-14 01:32:15.245000,4140.467,4139.431,3610,4190
2021-04-14 01:32:15.295000,4140.446,4139.739,2250,2250
2021-04-14 01:32:23.775000,4140.467,4139.431,3610,4190
2021-04-14 01:32:23.825000,4140.161,4139.451,2250,2250
2021-04-14 01:32:24.904000,4140.349,4139.443,3610,4190
2021-04-14 01:32:24.955000,4140.361,4139.699,2250,2250
2021-04-14 01:32:25.068000,4140.452,4139.634,3610,4190
2021-04-14 01:32:25.118000,4140.401,4139.748,2250,2250
2021-04-14 01:32:33.430000,4140.155,4139.737,2250,890
2021-04-14 01:32:33.481000,4140.152,4139.433,2250,2250
2021-04-14 01:32:35.042000,4140.452,4139.443,3610,4190
2021-04-14 01:32:35.093000,4140.467,4139.754,2250,2250
2021-04-14 01:32:35.914000,4140.355,4139.749,2250,890
2021-04-14 01:32:35.965000,4140.358,4139.651,2250,2250
2021-04-14 01:32:36.576000,4140.146,4139.637,2250,890
2021-04-14 01:32:36.626000,4140.155,4139.436,2250,2250
2021-04-14 01:32:55.188000,4140.467,4139.443,3610,4190
2021-04-14 01:32:55.238000,4140.446,4139.733,2250,2250
2021-04-14 01:32:55.347000,4140.155,4139.797,2250,890
2021-04-14 01:32:55.397000,4140.146,4139.451,2250,2250
2021-04-14 01:32:55.672000,4140.155,4139.637,2250,890
2021-04-14 01:32:55.723000,4140.346,4139.645,2250,2250
2021-04-14 01:32:55.911000,4140.101,4139.631,2250,890
2021-04-14 01:32:55.961000,4140.158,4139.436,2250,2250
2021-04-14 01:33:01.156000,4139.946,4139.431,2250,890
2021-04-14 01:33:01.206000,4139.949,4139.233,2250,2250
2021-04-14 01:33:04.941000,4139.955,4138.94,3610,4190
2021-04-14 01:33:04.991000,4139.652,4138.939,2250,2250
2021-04-14 01:33:12.020000,4139.952,4138.952,3610,4190
2021-04-14 01:33:12.071000,4139.961,4139.254,2250,2250
2021-04-14 01:33:21.637000,4139.667,4139.231,2250,890
2021-04-14 01:33:21.687000,4139.601,4138.939,2250,2250
2021-04-14 01:33:27.907000,4139.952,4138.943,3610,4190
2021-04-14 01:33:27.957000,4139.949,4139.239,2250,2250
2021-04-14 01:33:28.068000,4139.649,4139.234,2250,890
2021-04-14 01:33:28.118000,4139.667,4138.951,2250,2250
2021-04-14 01:33:34.506000,4139.855,4138.934,3610,4190
2021-04-14 01:33:34.556000,4139.801,4139.133,2250,2250
2021-04-14 01:33:34.667000,4139.964,4139.14,3610,4190
2021-04-14 01:33:34.718000,4139.967,4139.254,2250,2250
2021-04-14 01:33:35.843000,4139.664,4139.237,2250,890
2021-04-14 01:33:35.893000,4139.661,4138.936,2250,2250
2021-04-14 01:33:38.048000,4139.855,4138.931,3610,4190
2021-04-14 01:33:38.098000,4139.846,4139.133,2250,2250
2021-04-14 01:33:38.208000,4139.964,4139.197,3610,4190
2021-04-14 01:33:38.259000,4139.964,4139.239,2250,2250
2021-04-14 01:33:38.369000,4139.601,4139.24,2250,890
2021-04-14 01:33:38.420000,4139.658,4138.954,2250,2250
2021-04-14 01:33:39.173000,4139.901,4139.299,2250,2250
2021-04-14 01:33:39.809000,4139.664,4139.297,2250,890
2021-04-14 01:33:39.859000,4139.661,4138.951,2250,2250
2021-04-14 01:33:40.608000,4139.901,4138.952,3610,4190
2021-04-14 01:33:40.658000,4139.967,4139.254,2250,2250
2021-04-14 01:33:47.487000,4140.401,4139.24,3610,4190
2021-04-14 01:33:47.537000,4140.449,4139.754,2250,2250
2021-04-14 01:33:51.044000,4140.158,4139.797,2250,890
2021-04-14 01:33:51.095000,4140.167,4139.436,2250,2250
2021-04-14 01:33:52.483000,4139.958,4139.437,2250,890
2021-04-14 01:33:52.533000,4139.955,4139.254,2250,2250
2021-04-14 01:34:03.826000,4139.958,4139.437,2250,890
2021-04-14 01:34:03.876000,4140.149,4139.499,2250,2250
2021-04-14 01:34:04.305000,4140.067,4139.446,2250,890
2021-04-14 01:34:04.355000,4140.061,4139.354,2250,2250
2021-04-14 01:34:04.464000,4139.946,4139.334,2250,890
2021-04-14 01:34:04.514000,4139.958,4139.251,2250,2250
2021-04-14 01:34:04.882000,4140.149,4139.231,3610,4190
2021-04-14 01:34:04.932000,4140.161,4139.448,2250,2250
2021-04-14 01:34:18.921000,4139.964,4139.434,2250,890
2021-04-14 01:34:18.971000,4139.961,4139.242,2250,2250
2021-04-14 01:34:19.500000,4140.161,4139.231,3610,4190
2021-04-14 01:34:19.550000,4140.155,4139.499,2250,2250
2021-04-14 01:34:23.023000,4139.901,4139.446,2250,890
2021-04-14 01:34:23.073000,4139.952,4139.251,2250,2250
2021-04-14 01:34:25.684000,4140.049,4139.297,3610,4190
2021-04-14 01:34:25.734000,4140.067,4139.339,2250,2250
2021-04-14 01:34:25.845000,4139.949,4139.343,2250,890
2021-04-14 01:34:25.895000,4139.901,4139.299,2250,2250
2021-04-14 01:34:35.446000,4139.661,4139.246,2250,890
2021-04-14 01:34:35.496000,4139.655,4138.936,2250,2250
2021-04-14 01:34:49.158000,4139.846,4138.931,3610,4190
2021-04-14 01:34:49.208000,4139.858,4139.136,2250,2250
2021-04-14 01:34:49.318000,4139.652,4139.152,2250,890
2021-04-14 01:34:49.368000,4139.664,4138.951,2250,2250
2021-04-14 01:34:59.600000,4139.467,4138.94,2250,890
2021-04-14 01:34:59.650000,4139.449,4138.733,2250,2250
2021-04-14 01:35:03.687000,4139.455,4138.497,3610,4190
2021-04-14 01:35:03.738000,4139.158,4138.436,2250,2250
2021-04-14 01:35:05.542000,4139.167,4138.737,2250,890
2021-04-14 01:35:05.593000,4139.467,4138.799,2250,2250
2021-04-14 01:35:05.704000,4139.146,4138.731,2250,890
2021-04-14 01:35:05.754000,4139.101,4138.451,2250,2250
2021-04-14 01:35:06.503000,4139.401,4138.452,3610,4190
2021-04-14 01:35:06.554000,4139.455,4138.799,2250,2250
2021-04-14 01:35:07.803000,4139.149,4138.797,2250,890
2021-04-14 01:35:07.853000,4139.161,4138.445,2250,2250
2021-04-14 01:35:08.309000,4139.367,4138.431,3610,4190
2021-04-14 01:35:08.359000,4139.301,4138.639,2250,2250
2021-04-14 01:35:08.461000,4139.461,4138.697,3610,4190
2021-04-14 01:35:08.511000,4139.464,4138.799,2250,2250
2021-04-14 01:35:08.780000,4139.358,4138.734,2250,890
2021-04-14 01:35:08.830000,4139.355,4138.645,2250,2250
2021-04-14 01:35:09.031000,4139.101,4138.646,2250,890
2021-04-14 01:35:09.081000,4139.101,4138.499,2250,2250
2021-04-14 01:35:09.351000,4139.301,4138.431,3610,4190
2021-04-14 01:35:09.401000,4139.301,4138.699,2250,2250
2021-04-14 01:35:09.510000,4139.467,4138.649,3610,4190
2021-04-14 01:35:09.561000,4139.455,4138.742,2250,2250
2021-04-14 01:35:21.175000,4139.149,4138.752,2250,890
2021-04-14 01:35:21.225000,4139.167,4138.454,2250,2250
2021-04-14 01:35:21.721000,4139.455,4138.449,3610,4190
2021-04-14 01:35:21.772000,4139.467,4138.739,2250,2250
2021-04-14 01:35:22.565000,4139.152,4138.749,2250,890
2021-04-14 01:35:22.615000,4139.152,4138.451,2250,2250
2021-04-14 01:35:25.029000,4139.349,4138.446,3610,4190
2021-04-14 01:35:25.079000,4139.355,4138.642,2250,2250
2021-04-14 01:35:25.180000,4139.452,4138.631,3610,4190
2021-04-14 01:35:25.230000,4139.452,4138.739,2250,2250
2021-04-14 01:35:25.833000,4139.167,4138.752,2250,890
2021-04-14 01:35:25.884000,4139.155,4138.442,2250,2250
2021-04-14 01:35:27.001000,4139.349,4138.443,3610,4190
2021-04-14 01:35:27.051000,4139.301,4138.645,2250,2250
2021-04-14 01:35:27.162000,4139.367,4138.44,3610,4190
2021-04-14 01:35:27.212000,4139.167,4138.499,2250,2250
2021-04-14 01:35:33.286000,4139.401,4138.434,3610,4190
2021-04-14 01:35:33.336000,4139.446,4138.745,2250,2250
2021-04-14 01:35:35.581000,4139.658,4138.749,3610,4190
2021-04-14 01:35:35.631000,4139.649,4138.936,2250,2250
2021-04-14 01:35:39.784000,4139.401,4138.937,2250,890
2021-04-14 01:35:39.834000,4139.446,4138.799,2250,2250
2021-04-14 01:35:39.944000,4139.467,4138.952,2250,890
2021-04-14 01:35:39.994000,4139.655,4138.945,2250,2250
2021-04-14 01:35:41.315000,4139.567,4138.943,2250,890
2021-04-14 01:35:41.365000,4139.546,4138.848,2250,2250
2021-04-14 01:35:41.473000,4139.661,4138.852,3610,4190
2021-04-14 01:35:41.524000,4139.601,4138.942,2250,2250
2021-04-14 01:35:46.195000,4139.464,4138.934,2250,890
2021-04-14 01:35:46.246000,4139.401,4138.754,2250,2250
2021-04-14 01:35:49.153000,4139.667,4138.749,3610,4190
2021-04-14 01:35:49.203000,4139.655,4138.936,2250,2250
2021-04-14 01:35:55.935000,4139.458,4138.952,2250,890
2021-04-14 01:35:55.985000,4139.446,4138.739,2250,2250
2021-04-14 01:36:02.157000,4139.564,4138.839,2250,2250
2021-04-14 01:36:02.314000,4139.646,4138.843,3610,4190
2021-04-14 01:36:02.364000,4139.661,4138.948,2250,2250
2021-04-14 01:36:06.282000,4139.452,4138.937,2250,890
2021-04-14 01:36:06.333000,4139.401,4138.751,2250,2250
2021-04-14 01:36:06.443000,4139.649,4138.749,3610,4190
2021-04-14 01:36:06.493000,4139.661,4138.936,2250,2250
2021-04-14 01:36:21.599000,4139.467,4138.931,2250,890
2021-04-14 01:36:21.649000,4139.446,4138.754,2250,2250
2021-04-14 01:36:22.747000,4139.658,4138.752,3610,4190
2021-04-14 01:36:22.798000,4139.649,4138.936,2250,2250
2021-04-14 01:36:31.749000,4139.567,4138.952,2250,890
2021-04-14 01:36:31.799000,4139.501,4138.851,2250,2250
2021-04-14 01:36:32.180000,4139.555,4138.797,3610,4190
2021-04-14 01:36:32.230000,4139.467,4138.739,2250,2250
2021-04-14 01:36:33.113000,4139.467,4138.94,2250,890
2021-04-14 01:36:33.164000,4139.655,4138.942,2250,2250
2021-04-14 01:36:42.663000,4139.458,4138.946,2250,890
2021-04-14 01:36:42.713000,4139.446,4138.799,2250,2250
2021-04-14 01:36:55.678000,4139.164,4138.752,2250,890
2021-04-14 01:36:55.729000,4139.101,4138.448,2250,2250
2021-04-14 01:37:04.273000,4138.949,4138.449,2250,890
2021-04-14 01:37:04.323000,4138.949,4138.236,2250,2250
2021-04-14 01:37:07.675000,4139.161,4138.243,3610,4190
2021-04-14 01:37:07.725000,4139.155,4138.445,2250,2250
2021-04-14 01:37:16.246000,4138.946,4138.431,2250,890
2021-04-14 01:37:16.296000,4138.967,4138.299,2250,2250
2021-04-14 01:37:17.330000,4139.001,4138.237,3610,4190
2021-04-14 01:37:17.380000,4139.055,4138.348,2250,2250
2021-04-14 01:37:17.490000,4139.155,4138.346,3610,4190
2021-04-14 01:37:17.541000,4139.146,4138.436,2250,2250
2021-04-14 01:37:18.199000,4138.964,4138.446,2250,890
2021-04-14 01:37:18.249000,4138.946,4138.242,2250,2250
2021-04-14 01:37:21.145000,4139.158,4138.237,3610,4190
2021-04-14 01:37:21.195000,4139.149,4138.433,2250,2250
2021-04-14 01:37:21.803000,4138.946,4138.44,2250,890
2021-04-14 01:37:21.853000,4138.946,4138.299,2250,2250
2021-04-14 01:37:23.209000,4139.052,4138.297,3610,4190
2021-04-14 01:37:23.259000,4139.055,4138.345,2250,2250
2021-04-14 01:37:23.369000,4139.058,4138.452,2250,890
2021-04-14 01:37:23.419000,4139.158,4138.439,2250,2250
2021-04-14 01:37:29.749000,4139.461,4138.497,3610,4190
2021-04-14 01:37:29.800000,4139.455,4138.748,2250,2250
2021-04-14 01:37:39.347000,4139.461,4138.943,2250,890
2021-04-14 01:37:39.398000,4139.658,4138.942,2250,2250
2021-04-14 01:37:49.903000,4139.661,4138.831,3610,4190
2021-04-14 01:37:49.954000,4139.552,4138.899,2250,2250
2021-04-14 01:37:50.239000,4139.461,4138.837,2250,890
2021-04-14 01:37:50.290000,4139.401,4138.742,2250,2250
2021-04-14 01:37:50.719000,4139.646,4138.734,3610,4190
2021-04-14 01:37:50.769000,4139.661,4138.936,2250,2250
2021-04-14 01:38:00.318000,4139.649,4138.743,3610,4190
2021-04-14 01:38:00.368000,4139.401,4138.739,2250,2250
2021-04-14 01:38:11.173000,4139.661,4138.74,3610,4190
2021-04-14 01:38:11.224000,4139.652,4138.939,2250,2250
2021-04-14 01:38:11.512000,4139.464,4138.937,2250,890
2021-04-14 01:38:11.562000,4139.449,4138.748,2250,2250
2021-04-14 01:38:19.692000,4139.661,4138.737,3610,4190
2021-04-14 01:38:19.743000,4139.601,4138.948,2250,2250
2021-04-14 01:38:19.853000,4139.449,4138.997,2250,890
2021-04-14 01:38:19.904000,4139.467,4138.742,2250,2250
2021-04-14 01:38:32.377000,4139.661,4138.746,3610,4190
2021-04-14 01:38:32.427000,4139.652,4138.939,2250,2250
2021-04-14 01:38:37.753000,4139.461,4138.934,2250,890
2021-04-14 01:38:37.804000,4139.461,4138.736,2250,2250
2021-04-14 01:38:40.341000,4139.158,4138.737,2250,890
2021-04-14 01:38:40.391000,4139.152,4138.454,2250,2250
2021-04-14 01:38:40.823000,4139.146,4138.752,2250,890
2021-04-14 01:38:40.873000,4139.452,4138.799,2250,2250
2021-04-14 01:38:41.459000,4139.355,4138.752,2250,890
2021-04-14 01:38:41.509000,4139.361,4138.636,2250,2250
2021-04-14 01:38:42.037000,4139.452,4138.64,3610,4190
2021-04-14 01:38:42.088000,4139.446,4138.739,2250,2250
2021-04-14 01:38:43.165000,4139.164,4138.737,2250,890
2021-04-14 01:38:43.215000,4139.101,4138.442,2250,2250
2021-04-14 01:38:43.324000,4139.461,4138.431,3610,4190
2021-04-14 01:38:43.375000,4139.458,4138.745,2250,2250
2021-04-14 01:38:44.710000,4139.349,4138.743,2250,890
2021-04-14 01:38:44.760000,4139.352,4138.633,2250,2250
2021-04-14 01:38:45.031000,4139.461,4138.646,3610,4190
2021-04-14 01:38:45.082000,4139.452,4138.745,2250,2250
2021-04-14 01:38:47.391000,4139.346,4138.797,2250,890
2021-04-14 01:38:47.441000,4139.358,4138.699,2250,2250
2021-04-14 01:38:47.551000,4139.464,4138.649,3610,4190
2021-04-14 01:38:47.601000,4139.464,4138.799,2250,2250
2021-04-14 01:39:03.681000,4139.101,4138.734,2250,890
2021-04-14 01:39:03.731000,4139.167,4138.454,2250,2250
2021-04-14 01:39:06.582000,4139.461,4138.431,3610,4190
2021-04-14 01:39:06.632000,4139.452,4138.799,2250,2250
2021-04-14 01:39:27.595000,4139.561,4138.737,3610,4190
2021-04-14 01:39:27.646000,4139.549,4138.836,2250,2250
2021-04-14 01:39:28.662000,4139.667,4138.897,3610,4190
2021-04-14 01:39:28.712000,4139.652,4138.933,2250,2250
2021-04-14 01:40:00.215000,4139.861,4138.934,3610,4190
2021-04-14 01:40:00.265000,4139.864,4139.139,2250,2250
2021-04-14 01:40:00.393000,4139.664,4139.14,2250,890
2021-04-14 01:40:00.443000,4139.601,4138.945,2250,2250
2021-04-14 01:40:00.536000,4139.901,4138.949,3610,4190
2021-04-14 01:40:00.587000,4139.952,4139.233,2250,2250
2021-04-14 01:40:20.939000,4140.167,4139.24,3610,4190
2021-04-14 01:40:20.989000,4140.164,4139.448,2250,2250
2021-04-14 01:40:24.329000,4139.946,4139.443,2250,890
2021-04-14 01:40:24.379000,4139.961,4139.236,2250,2250
2021-04-14 01:40:25.378000,4139.946,4139.437,2250,890
2021-04-14 01:40:25.428000,4140.149,4139.436,2250,2250
2021-04-14 01:40:56.858000,4139.901,4139.431,2250,890
2021-04-14 01:40:56.908000,4139.946,4139.248,2250,2250
2021-04-14 01:41:00.837000,4139.958,4139.434,2250,890
2021-04-14 01:41:00.887000,4140.161,4139.448,2250,2250
2021-04-14 01:41:08.262000,4140.064,4139.443,2250,890
2021-04-14 01:41:08.312000,4140.046,4139.336,2250,2250
2021-04-14 01:41:08.423000,4140.164,4139.337,3610,4190
2021-04-14 01:41:08.474000,4140.164,4139.451,2250,2250
2021-04-14 01:41:11.846000,4139.961,4139.497,2250,890
2021-04-14 01:41:11.896000,4139.961,4139.248,2250,2250
2021-04-14 01:41:13.267000,4140.164,4139.234,3610,4190
2021-04-14 01:41:13.317000,4140.101,4139.499,2250,2250
2021-04-14 01:41:19.110000,4140.101,4139.731,2250,890
2021-04-14 01:41:19.160000,4140.461,4139.799,2250,2250
2021-04-14 01:41:40.075000,4140.649,4139.743,3610,4190
2021-04-14 01:41:40.125000,4140.652,4139.951,2250,2250
2021-04-14 01:41:48.085000,4140.949,4139.997,3610,4190
2021-04-14 01:41:48.135000,4140.949,4140.233,2250,2250
2021-04-14 01:42:42.226000,4140.967,4140.731,2250,890
2021-04-14 01:42:42.277000,4141.452,4140.742,2250,2250
2021-04-14 01:42:43.827000,4141.355,4140.746,2250,890
2021-04-14 01:42:43.877000,4141.355,4140.648,2250,2250
2021-04-14 01:42:44.041000,4141.446,4140.631,3610,4190
2021-04-14 01:42:44.092000,4141.461,4140.799,2250,2250
2021-04-14 01:42:49.892000,4141.167,4140.74,2250,890
2021-04-14 01:42:49.943000,4141.158,4140.451,2250,2250
2021-04-14 01:42:51.038000,4141.446,4140.449,3610,4190
2021-04-14 01:42:51.088000,4141.461,4140.754,2250,2250
2021-04-14 01:42:52.056000,4141.461,4140.443,3610,4190
2021-04-14 01:42:52.106000,4141.155,4140.439,2250,2250
2021-04-14 01:42:55.953000,4141.401,4140.443,3610,4190
2021-04-14 01:42:56.004000,4141.464,4140.754,2250,2250
2021-04-14 01:42:57.618000,4141.101,4140.734,2250,890
2021-04-14 01:42:57.669000,4141.101,4140.439,2250,2250
2021-04-14 01:43:02.384000,4140.958,4140.434,2250,890
2021-04-14 01:43:02.435000,4140.964,4140.251,2250,2250
2021-04-14 01:43:02.539000,4141.155,4140.234,3610,4190
2021-04-14 01:43:02.590000,4141.161,4140.451,2250,2250
2021-04-14 01:43:03.180000,4140.901,4140.497,2250,890
2021-04-14 01:43:03.230000,4140.967,4140.236,2250,2250
2021-04-14 01:43:07.313000,4141.152,4140.252,3610,4190
2021-04-14 01:43:07.363000,4141.149,4140.451,2250,2250
2021-04-14 01:43:07.748000,4140.967,4140.443,2250,890
2021-04-14 01:43:07.798000,4140.901,4140.239,2250,2250
2021-04-14 01:43:27.827000,4140.664,4140.231,2250,890
2021-04-14 01:43:27.878000,4140.646,4139.933,2250,2250
2021-04-14 01:43:28.650000,4140.958,4139.937,3610,4190
2021-04-14 01:43:28.700000,4140.964,4140.239,2250,2250
2021-04-14 01:43:28.966000,4140.658,4140.231,2250,890
2021-04-14 01:43:29.016000,4140.661,4139.954,2250,2250
2021-04-14 01:43:30.312000,4140.958,4139.937,3610,4190
2021-04-14 01:43:30.363000,4140.958,4140.248,2250,2250
2021-04-14 01:43:32.509000,4141.055,4140.231,3610,4190
2021-04-14 01:43:32.559000,4141.067,4140.339,2250,2250
2021-04-14 01:43:32.703000,4141.158,4140.346,3610,4190
2021-04-14 01:43:32.753000,4141.164,4140.451,2250,2250
2021-04-14 01:43:33.781000,4140.964,4140.44,2250,890
2021-04-14 01:43:33.832000,4140.955,4140.299,2250,2250
2021-04-14 01:43:34.438000,4141.167,4140.297,3610,4190
2021-04-14 01:43:34.489000,4141.161,4140.433,2250,2250
2021-04-14 01:43:34.763000,4140.946,4140.452,2250,890
2021-04-14 01:43:34.814000,4140.901,4140.245,2250,2250
2021-04-14 01:43:34.918000,4141.164,4140.252,3610,4190
2021-04-14 01:43:34.968000,4141.155,4140.442,2250,2250
2021-04-14 01:43:35.077000,4141.046,4140.44,2250,890
2021-04-14 01:43:35.127000,4141.061,4140.345,2250,2250
2021-04-14 01:43:35.237000,4141.101,4140.343,3610,4190
2021-04-14 01:43:35.288000,4141.161,4140.499,2250,2250
2021-04-14 01:43:35.717000,4141.052,4140.437,2250,890
2021-04-14 01:43:35.768000,4141.052,4140.399,2250,2250
2021-04-14 01:43:35.879000,4141.161,4140.343,3610,4190
2021-04-14 01:43:35.929000,4141.152,4140.499,2250,2250
2021-04-14 01:43:36.198000,4140.958,4140.437,2250,890
2021-04-14 01:43:36.248000,4140.961,4140.233,2250,2250
2021-04-14 01:43:52.723000,4140.655,4140.231,2250,890
2021-04-14 01:43:52.773000,4140.658,4139.999,2250,2250
2021-04-14 01:43:52.879000,4140.901,4139.934,3610,4190
2021-04-14 01:43:52.930000,4140.949,4140.245,2250,2250
2021-04-14 01:43:53.546000,4140.649,4140.234,2250,890
2021-04-14 01:43:53.596000,4140.667,4139.933,2250,2250
2021-04-14 01:44:02.548000,4140.901,4139.952,3610,4190
2021-04-14 01:44:02.599000,4140.958,4140.248,2250,2250
2021-04-14 01:44:05.884000,4140.664,4140.249,2250,890
2021-04-14 01:44:05.934000,4140.601,4139.936,2250,2250
2021-04-14 01:44:06.724000,4140.946,4139.937,3610,4190
2021-04-14 01:44:06.774000,4140.967,4140.242,2250,2250
2021-04-14 01:44:08.425000,4140.601,4140.246,2250,890
2021-04-14 01:44:08.475000,4140.664,4139.999,2250,2250
2021-04-14 01:44:56.353000,4140.455,4139.943,2250,890
2021-04-14 01:44:56.404000,4140.455,4139.742,2250,2250
2021-04-14 01:45:00.489000,4140.658,4139.731,3610,4190
2021-04-14 01:45:00.540000,4140.658,4139.999,2250,2250
2021-04-14 01:45:00.812000,4140.555,4139.931,2250,890
2021-04-14 01:45:00.862000,4140.561,4139.851,2250,2250
2021-04-14 01:45:00.971000,4140.658,4139.834,3610,4190
2021-04-14 01:45:01.022000,4140.661,4139.939,2250,2250
2021-04-14 01:45:01.131000,4140.555,4139.931,2250,890
2021-04-14 01:45:01.181000,4140.561,4139.842,2250,2250
2021-04-14 01:45:01.293000,4140.652,4139.849,3610,4190
2021-04-14 01:45:01.343000,4140.667,4139.942,2250,2250
2021-04-14 01:45:03.917000,4140.449,4139.949,2250,890
2021-04-14 01:45:03.967000,4140.401,4139.754,2250,2250
2021-04-14 01:45:05.657000,4140.549,4139.74,3610,4190
2021-04-14 01:45:05.708000,4140.564,4139.848,2250,2250
2021-04-14 01:45:05.817000,4140.464,4139.834,2250,890
2021-04-14 01:45:05.867000,4140.401,4139.751,2250,2250
2021-04-14 01:45:05.976000,4140.649,4139.743,3610,4190
2021-04-14 01:45:06.027000,4140.649,4139.999,2250,2250
2021-04-14 01:45:14.505000,4140.961,4139.931,3610,4190
2021-04-14 01:45:14.556000,4140.949,4140.248,2250,2250
2021-04-14 01:45:15.500000,4141.146,4140.234,3610,4190
2021-04-14 01:45:15.550000,4141.164,4140.445,2250,2250
2021-04-14 01:45:19.487000,4140.901,4140.452,2250,890
2021-04-14 01:45:19.538000,4140.964,4140.233,2250,2250
2021-04-14 01:45:21.106000,4141.158,4140.243,3610,4190
2021-04-14 01:45:21.156000,4141.161,4140.433,2250,2250
2021-04-14 01:45:23.993000,4140.961,4140.446,2250,890
2021-04-14 01:45:24.044000,4140.952,4140.236,2250,2250
2021-04-14 01:45:24.138000,4141.164,4140.237,3610,4190
2021-04-14 01:45:24.189000,4141.161,4140.433,2250,2250
2021-04-14 01:45:24.551000,4140.967,4140.443,2250,890
2021-04-14 01:45:24.602000,4140.967,4140.299,2250,2250
2021-04-14 01:45:28.759000,4141.158,4140.24,3610,4190
2021-04-14 01:45:28.809000,4141.101,4140.445,2250,2250
2021-04-14 01:45:40.242000,4141.464,4140.446,3610,4190
2021-04-14 01:45:40.293000,4141.455,4140.739,2250,2250
2021-04-14 01:45:53.557000,4141.567,4140.737,3610,4190
2021-04-14 01:45:53.607000,4141.555,4140.899,2250,2250
2021-04-14 01:45:53.877000,4141.667,4140.843,3610,4190
2021-04-14 01:45:53.927000,4141.652,4140.939,2250,2250
2021-04-14 01:45:55.173000,4141.567,4140.949,2250,890
2021-04-14 01:45:55.224000,4141.552,4140.848,2250,2250
2021-04-14 01:45:55.334000,4141.646,4140.849,3610,4190
2021-04-14 01:45:55.384000,4141.646,4140.948,2250,2250
2021-04-14 01:45:58.420000,4141.401,4140.931,2250,890
2021-04-14 01:45:58.471000,4141.458,4140.745,2250,2250
2021-04-14 01:45:58.581000,4141.552,4140.746,3610,4190
2021-04-14 01:45:58.631000,4141.552,4140.851,2250,2250
2021-04-14 01:45:58.740000,4141.658,4140.849,3610,4190
2021-04-14 01:45:58.790000,4141.649,4140.942,2250,2250
2021-04-14 01:46:39.213000,4141.561,4140.937,2250,890
2021-04-14 01:46:39.263000,4141.552,4140.854,2250,2250
2021-04-14 01:46:39.373000,4141.464,4140.897,2250,890
2021-04-14 01:46:39.424000,4141.401,4140.751,2250,2250
2021-04-14 01:46:45.399000,4141.661,4140.743,3610,4190
2021-04-14 01:46:45.449000,4141.664,4140.954,2250,2250
2021-04-14 01:46:52.076000,4141.446,4140.997,2250,890
2021-04-14 01:46:52.126000,4141.464,4140.733,2250,2250
2021-04-14 01:47:01.959000,4141.667,4140.731,3610,4190
2021-04-14 01:47:02.009000,4141.655,4140.939,2250,2250
2021-04-14 01:47:07.884000,4141.546,4140.949,2250,890
2021-04-14 01:47:07.934000,4141.555,4140.851,2250,2250
2021-04-14 01:47:08.044000,4141.401,4140.84,2250,890
2021-04-14 01:47:08.095000,4141.455,4140.751,2250,2250
2021-04-14 01:47:08.567000,4141.658,4140.797,3610,4190
2021-04-14 01:47:08.617000,4141.652,4140.999,2250,2250
2021-04-14 01:47:17.939000,4141.449,4140.949,2250,890
2021-04-14 01:47:17.990000,4141.464,4140.742,2250,2250
2021-04-14 01:47:50.312000,4141.601,4140.731,3610,4190
2021-04-14 01:47:50.362000,4141.661,4140.999,2250,2250
2021-04-14 01:47:50.949000,4141.464,4140.952,2250,890
2021-04-14 01:47:50.999000,4141.455,4140.736,2250,2250
2021-04-14 01:48:02.405000,4141.658,4140.749,3610,4190
2021-04-14 01:48:02.456000,4141.652,4140.933,2250,2250
2021-04-14 01:48:02.718000,4141.546,4140.943,2250,890
2021-04-14 01:48:02.769000,4141.567,4140.833,2250,2250
2021-04-14 01:48:02.879000,4141.601,4140.897,3610,4190
2021-04-14 01:48:02.929000,4141.667,4140.936,2250,2250
2021-04-14 01:48:08.202000,4141.961,4140.94,3610,4190
2021-04-14 01:48:08.253000,4141.958,4141.233,2250,2250
2021-04-14 01:48:27.007000,4141.646,4141.297,2250,890
2021-04-14 01:48:27.057000,4141.601,4140.951,2250,2250
2021-04-14 01:48:27.485000,4141.952,4140.934,3610,4190
2021-04-14 01:48:27.536000,4141.955,4141.239,2250,2250
2021-04-14 01:48:28.133000,4141.667,4141.234,2250,890
2021-04-14 01:48:28.184000,4141.601,4140.933,2250,2250
2021-04-14 01:48:45.892000,4141.458,4140.94,2250,890
2021-04-14 01:48:45.943000,4141.464,4140.754,2250,2250
