2021-04-21 00:00:00.918000,4130.251,4129.799,460,2250
2021-04-21 00:00:00.968000,4130.401,4129.748,2250,2250
2021-04-21 00:00:03.311000,4130.457,4130.033,460,2250
2021-04-21 00:00:03.361000,4130.755,4130.042,2250,2250
2021-04-21 00:00:13.675000,4130.76,4130.251,460,2250
2021-04-21 00:00:13.725000,4130.955,4130.233,2250,2250
2021-04-21 00:00:14.691000,4130.954,4130.554,460,2250
2021-04-21 00:00:14.741000,4131.201,4130.551,2250,2250
2021-04-21 00:00:15.332000,4130.961,4130.239,2250,4190
2021-04-21 00:00:15.383000,4130.958,4130.299,2250,2250
2021-04-21 00:00:18.099000,4130.96,4130.536,460,2250
2021-04-21 00:00:18.149000,4131.255,4130.533,2250,2250
2021-04-21 00:00:18.259000,4131.101,4130.451,2250,4190
2021-04-21 00:00:18.309000,4131.155,4130.499,2250,2250
2021-04-21 00:00:18.420000,4130.952,4130.254,2250,4190
2021-04-21 00:00:18.470000,4130.958,4130.299,2250,2250
2021-04-21 00:00:18.899000,4130.966,4130.551,460,2250
2021-04-21 00:00:18.950000,4131.246,4130.551,2250,2250
2021-04-21 00:00:21.401000,4130.949,4130.251,2250,4190
2021-04-21 00:00:21.451000,4130.952,4130.245,2250,2250
2021-04-21 00:00:27.434000,4130.749,4130.048,2250,4190
2021-04-21 00:00:27.484000,4130.746,4130.042,2250,2250
2021-04-21 00:00:29.542000,4130.401,4129.748,2250,4190
2021-04-21 00:00:29.592000,4130.455,4129.751,2250,2250
2021-04-21 00:00:30.998000,4130.255,4129.542,2250,4190
2021-04-21 00:00:31.049000,4130.267,4129.554,2250,2250
2021-04-21 00:00:37.581000,4129.952,4129.233,2250,4190
2021-04-21 00:00:37.632000,4129.961,4129.239,2250,2250
2021-04-21 00:00:39.658000,4129.764,4129.051,2250,4190
2021-04-21 00:00:39.708000,4129.749,4129.099,2250,2250
2021-04-21 00:00:41.823000,4129.455,4128.748,2250,4190
2021-04-21 00:00:41.873000,4129.464,4128.733,2250,2250
2021-04-21 00:00:43.198000,4129.258,4128.539,2250,4190
2021-04-21 00:00:43.248000,4129.255,4128.545,2250,2250
2021-04-21 00:00:47.402000,4129.257,4128.745,460,2250
2021-04-21 00:00:47.453000,4129.446,4128.799,2250,2250
2021-04-21 00:00:47.562000,4129.267,4128.551,2250,4190
2021-04-21 00:00:47.613000,4129.249,4128.554,2250,2250
2021-04-21 00:00:52.614000,4129.248,4128.736,460,2250
2021-04-21 00:00:52.664000,4129.455,4128.751,2250,2250
2021-04-21 00:00:58.208000,4129.466,4127.951,610,4190
2021-04-21 00:00:58.258000,4128.661,4127.939,2250,2250
2021-04-21 00:00:58.368000,4128.651,4128.036,460,2250
2021-04-21 00:00:58.418000,4128.746,4128.033,2250,2250
2021-04-21 00:00:58.910000,4128.458,4127.754,2250,4190
2021-04-21 00:00:58.960000,4128.467,4127.736,2250,2250
2021-04-21 00:01:00.839000,4128.255,4127.539,2250,4190
2021-04-21 00:01:00.890000,4128.252,4127.599,2250,2250
2021-04-21 00:01:01.743000,4128.464,4127.745,2250,2250
2021-04-21 00:01:02.223000,4128.261,4127.536,2250,4190
2021-04-21 00:01:02.273000,4128.249,4127.533,2250,2250
2021-04-21 00:01:02.382000,4128.26,4127.736,460,2250
2021-04-21 00:01:02.433000,4128.464,4127.754,2250,2250
2021-04-21 00:01:02.867000,4128.246,4127.554,2250,4190
2021-04-21 00:01:02.918000,4128.246,4127.539,2250,2250
2021-04-21 00:01:04.776000,4128.251,4127.742,460,2250
2021-04-21 00:01:04.826000,4128.464,4127.751,2250,2250
2021-04-21 00:01:04.938000,4128.364,4127.651,2250,4190
2021-04-21 00:01:04.988000,4128.364,4127.654,2250,2250
2021-04-21 00:01:05.158000,4128.261,4127.548,2250,4190
2021-04-21 00:01:05.209000,4128.201,4127.533,2250,2250
2021-04-21 00:01:05.319000,4128.269,4127.748,460,2250
2021-04-21 00:01:05.370000,4128.464,4127.748,2250,2250
2021-04-21 00:01:06.786000,4128.466,4128.251,460,2250
2021-04-21 00:01:06.836000,4128.901,4128.251,2250,2250
2021-04-21 00:01:06.946000,4128.749,4128.054,2250,4190
2021-04-21 00:01:06.997000,4128.755,4128.033,2250,2250
2021-04-21 00:01:07.749000,4128.467,4127.748,2250,4190
2021-04-21 00:01:07.799000,4128.458,4127.748,2250,2250
2021-04-21 00:01:07.906000,4128.457,4128.033,460,2250
2021-04-21 00:01:07.957000,4128.701,4128.051,2250,2250
2021-04-21 00:01:08.073000,4128.467,4127.748,2250,4190
2021-04-21 00:01:08.123000,4128.461,4127.754,2250,2250
2021-04-21 00:01:08.233000,4128.403,4127.954,460,2250
2021-04-21 00:01:08.284000,4128.667,4127.951,2250,2250
2021-04-21 00:01:08.391000,4128.455,4127.748,2250,4190
2021-04-21 00:01:08.442000,4128.464,4127.739,2250,2250
2021-04-21 00:01:08.897000,4128.46,4128.099,460,2250
2021-04-21 00:01:08.947000,4128.701,4128.099,2250,2250
2021-04-21 00:01:10.755000,4128.748,4128.254,460,2250
2021-04-21 00:01:10.805000,4128.967,4128.248,2250,2250
2021-04-21 00:01:10.915000,4128.755,4128.033,2250,4190
2021-04-21 00:01:10.965000,4128.701,4128.045,2250,2250
2021-04-21 00:01:11.755000,4128.754,4128.251,460,2250
2021-04-21 00:01:11.805000,4128.901,4128.239,2250,2250
2021-04-21 00:01:14.464000,4128.969,4128.542,460,2250
2021-04-21 00:01:14.514000,4129.267,4128.533,2250,2250
2021-04-21 00:01:20.694000,4129.254,4128.799,460,2250
2021-04-21 00:01:20.744000,4129.401,4128.733,2250,2250
2021-04-21 00:01:21.173000,4129.249,4128.554,2250,4190
2021-04-21 00:01:21.224000,4129.255,4128.599,2250,2250
2021-04-21 00:01:21.333000,4129.269,4128.651,460,2250
2021-04-21 00:01:21.383000,4129.349,4128.633,2250,2250
2021-04-21 00:01:21.495000,4129.348,4128.733,460,2250
2021-04-21 00:01:21.641000,4129.401,4128.799,2250,2250
2021-04-21 00:01:22.971000,4129.46,4129.033,460,2250
2021-04-21 00:01:23.021000,4129.755,4129.036,2250,2250
2021-04-21 00:01:23.536000,4129.458,4128.748,2250,4190
2021-04-21 00:01:23.586000,4129.458,4128.736,2250,2250
2021-04-21 00:01:23.856000,4129.451,4128.999,460,2250
2021-04-21 00:01:23.906000,4129.649,4128.951,2250,2250
2021-04-21 00:01:24.016000,4129.458,4128.799,2250,4190
2021-04-21 00:01:24.066000,4129.461,4128.799,2250,2250
2021-04-21 00:01:25.757000,4129.201,4128.539,2250,4190
2021-04-21 00:01:25.807000,4129.249,4128.536,2250,2250
2021-04-21 00:01:25.917000,4129.257,4128.654,460,2250
2021-04-21 00:01:25.967000,4129.364,4128.654,2250,2250
2021-04-21 00:01:26.079000,4129.363,4128.748,460,2250
2021-04-21 00:01:26.129000,4129.458,4128.733,2250,2250
2021-04-21 00:01:29.525000,4129.451,4129.051,460,2250
2021-04-21 00:01:29.575000,4129.758,4129.045,2250,2250
2021-04-21 00:01:31.343000,4129.667,4128.939,2250,4190
2021-04-21 00:01:31.393000,4129.601,4128.933,2250,2250
2021-04-21 00:01:31.503000,4129.452,4128.799,2250,4190
2021-04-21 00:01:31.553000,4129.449,4128.748,2250,2250
2021-04-21 00:01:32.439000,4129.463,4128.951,460,2250
2021-04-21 00:01:32.489000,4129.652,4128.933,2250,2250
2021-04-21 00:01:32.888000,4129.657,4129.033,460,2250
2021-04-21 00:01:32.939000,4129.761,4129.045,2250,2250
2021-04-21 00:01:47.784000,4129.754,4129.299,460,2250
2021-04-21 00:01:47.834000,4129.961,4129.242,2250,2250
2021-04-21 00:01:55.773000,4129.96,4129.548,460,2250
2021-04-21 00:01:55.824000,4130.252,4129.536,2250,2250
2021-04-21 00:01:55.935000,4129.946,4129.242,2250,4190
2021-04-21 00:01:55.985000,4129.952,4129.233,2250,2250
2021-04-21 00:01:56.093000,4129.957,4129.536,460,2250
2021-04-21 00:01:56.144000,4130.252,4129.542,2250,2250
2021-04-21 00:01:57.103000,4129.949,4129.239,2250,4190
2021-04-21 00:01:57.153000,4129.949,4129.245,2250,2250
2021-04-21 00:02:01.877000,4129.966,4129.551,460,2250
2021-04-21 00:02:01.928000,4130.255,4129.551,2250,2250
2021-04-21 00:02:02.042000,4130.158,4129.499,2250,4190
2021-04-21 00:02:02.092000,4130.152,4129.436,2250,2250
2021-04-21 00:02:02.197000,4129.946,4129.248,2250,4190
2021-04-21 00:02:02.248000,4129.958,4129.248,2250,2250
2021-04-21 00:02:02.537000,4129.957,4129.548,460,2250
2021-04-21 00:02:02.588000,4130.267,4129.599,2250,2250
2021-04-21 00:02:04.285000,4129.955,4129.236,2250,4190
2021-04-21 00:02:04.335000,4129.952,4129.251,2250,2250
2021-04-21 00:02:06.473000,4129.761,4129.099,2250,4190
2021-04-21 00:02:06.523000,4129.752,4129.042,2250,2250
2021-04-21 00:02:07.811000,4129.446,4128.751,2250,2250
2021-04-21 00:02:09.463000,4129.361,4128.648,2250,4190
2021-04-21 00:02:09.513000,4129.364,4128.636,2250,2250
2021-04-21 00:02:09.807000,4129.249,4128.551,2250,4190
2021-04-21 00:02:09.857000,4129.252,4128.548,2250,2250
2021-04-21 00:02:11.959000,4129.257,4128.742,460,2250
2021-04-21 00:02:12.009000,4129.449,4128.736,2250,2250
2021-04-21 00:02:12.590000,4129.201,4128.536,2250,4190
2021-04-21 00:02:12.640000,4129.201,4128.548,2250,2250
2021-04-21 00:02:13.071000,4129.263,4128.736,460,2250
2021-04-21 00:02:13.121000,4129.452,4128.742,2250,2250
2021-04-21 00:02:14.071000,4129.358,4128.654,2250,4190
2021-04-21 00:02:14.121000,4129.346,4128.642,2250,2250
2021-04-21 00:02:14.232000,4129.252,4128.536,2250,4190
2021-04-21 00:02:14.283000,4129.258,4128.542,2250,2250
2021-04-21 00:02:21.400000,4128.952,4128.239,2250,4190
2021-04-21 00:02:21.451000,4128.901,4128.242,2250,2250
2021-04-21 00:02:23.063000,4128.758,4128.042,2250,4190
2021-04-21 00:02:23.113000,4128.767,4128.099,2250,2250
2021-04-21 00:02:27.895000,4128.751,4128.248,460,2250
2021-04-21 00:02:27.945000,4128.964,4128.239,2250,2250
2021-04-21 00:02:28.051000,4128.746,4128.039,2250,4190
2021-04-21 00:02:28.102000,4128.767,4128.042,2250,2250
2021-04-21 00:02:44.217000,4128.76,4128.299,460,2250
2021-04-21 00:02:44.267000,4128.961,4128.245,2250,2250
2021-04-21 00:02:51.347000,4128.752,4128.042,2250,4190
2021-04-21 00:02:51.397000,4128.749,4128.033,2250,2250
2021-04-21 00:03:02.841000,4128.763,4128.242,460,2250
2021-04-21 00:03:02.891000,4128.958,4128.299,2250,2250
2021-04-21 00:03:03.229000,4128.764,4128.036,2250,4190
2021-04-21 00:03:03.279000,4128.749,4128.039,2250,2250
2021-04-21 00:03:04.148000,4128.757,4128.239,460,2250
2021-04-21 00:03:04.198000,4128.955,4128.239,2250,2250
2021-04-21 00:03:04.949000,4128.701,4128.054,2250,4190
2021-04-21 00:03:04.999000,4128.755,4128.033,2250,2250
2021-04-21 00:03:08.378000,4128.766,4128.236,460,2250
2021-04-21 00:03:08.428000,4128.958,4128.251,2250,2250
2021-04-21 00:03:14.778000,4128.957,4128.439,460,2250
2021-04-21 00:03:14.828000,4129.146,4128.445,2250,2250
2021-04-21 00:03:15.106000,4129.154,4128.545,460,2250
2021-04-21 00:03:15.156000,4129.252,4128.536,2250,2250
2021-04-21 00:03:24.612000,4128.964,4128.251,2250,4190
2021-04-21 00:03:24.662000,4128.952,4128.233,2250,2250
2021-04-21 00:03:26.351000,4128.957,4128.499,460,2250
2021-04-21 00:03:26.401000,4129.146,4128.445,2250,2250
2021-04-21 00:03:26.508000,4129.151,4128.599,460,2250
2021-04-21 00:03:26.558000,4129.201,4128.536,2250,2250
2021-04-21 00:03:32.264000,4128.901,4128.251,2250,4190
2021-04-21 00:03:32.314000,4128.955,4128.239,2250,2250
2021-04-21 00:03:42.025000,4128.957,4128.548,460,2250
2021-04-21 00:03:42.075000,4129.258,4128.554,2250,2250
2021-04-21 00:03:48.573000,4128.946,4128.248,2250,4190
2021-04-21 00:03:48.623000,4128.952,4128.239,2250,2250
2021-04-21 00:03:48.732000,4128.966,4128.433,460,2250
2021-04-21 00:03:48.782000,4129.152,4128.433,2250,2250
2021-04-21 00:03:49.051000,4128.949,4128.233,2250,4190
2021-04-21 00:03:49.101000,4128.946,4128.236,2250,2250
2021-04-21 00:04:02.590000,4128.948,4128.542,460,2250
2021-04-21 00:04:02.640000,4129.267,4128.548,2250,2250
2021-04-21 00:04:09.458000,4128.961,4128.251,2250,4190
2021-04-21 00:04:09.508000,4128.955,4128.299,2250,2250
2021-04-21 00:04:19.021000,4128.855,4128.133,2250,4190
2021-04-21 00:04:19.072000,4128.861,4128.199,2250,2250
2021-04-21 00:04:19.941000,4128.755,4128.051,2250,4190
2021-04-21 00:04:19.991000,4128.758,4128.042,2250,2250
2021-04-21 00:04:20.101000,4128.703,4128.299,460,2250
2021-04-21 00:04:20.152000,4128.961,4128.251,2250,2250
2021-04-21 00:04:23.575000,4128.951,4128.533,460,2250
2021-04-21 00:04:23.625000,4129.261,4128.554,2250,2250
2021-04-21 00:04:28.612000,4129.251,4128.745,460,2250
2021-04-21 00:04:28.663000,4129.401,4128.754,2250,2250
2021-04-21 00:04:34.388000,4129.252,4128.548,2250,4190
2021-04-21 00:04:34.438000,4129.258,4128.545,2250,2250
2021-04-21 00:04:49.684000,4129.254,4128.751,460,2250
2021-04-21 00:04:49.734000,4129.467,4128.742,2250,2250
2021-04-21 00:05:05.695000,4129.346,4128.651,2250,4190
2021-04-21 00:05:05.746000,4129.301,4128.642,2250,2250
2021-04-21 00:05:05.945000,4129.348,4128.736,460,2250
2021-04-21 00:05:05.995000,4129.464,4128.748,2250,2250
2021-04-21 00:05:07.121000,4129.264,4128.554,2250,4190
2021-04-21 00:05:07.172000,4129.267,4128.536,2250,2250
2021-04-21 00:05:08.759000,4129.248,4128.754,460,2250
2021-04-21 00:05:08.810000,4129.401,4128.745,2250,2250
2021-04-21 00:05:09.756000,4129.358,4128.699,2250,4190
2021-04-21 00:05:09.806000,4129.355,4128.699,2250,2250
2021-04-21 00:05:09.919000,4129.264,4128.539,2250,4190
2021-04-21 00:05:09.969000,4129.252,4128.554,2250,2250
2021-04-21 00:05:12.217000,4129.254,4128.751,460,2250
2021-04-21 00:05:12.267000,4129.464,4128.748,2250,2250
2021-04-21 00:05:13.277000,4129.255,4128.551,2250,4190
2021-04-21 00:05:13.327000,4129.258,4128.551,2250,2250
2021-04-21 00:05:13.439000,4129.257,4128.733,460,2250
2021-04-21 00:05:13.489000,4129.452,4128.733,2250,2250
2021-04-21 00:05:14.411000,4129.301,4128.699,2250,4190
2021-04-21 00:05:14.461000,4129.349,4128.648,2250,2250
2021-04-21 00:05:14.570000,4129.246,4128.554,2250,4190
2021-04-21 00:05:14.620000,4129.261,4128.548,2250,2250
2021-04-21 00:05:19.919000,4128.901,4128.239,2250,4190
2021-04-21 00:05:19.969000,4128.964,4128.251,2250,2250
2021-04-21 00:05:22.035000,4128.948,4128.539,460,2250
2021-04-21 00:05:22.086000,4129.201,4128.551,2250,2250
2021-04-21 00:05:24.796000,4129.254,4128.642,460,2250
2021-04-21 00:05:24.846000,4129.361,4128.636,2250,2250
2021-04-21 00:05:24.961000,4129.357,4128.742,460,2250
2021-04-21 00:05:25.011000,4129.452,4128.733,2250,2250
2021-04-21 00:05:26.496000,4129.466,4129.048,460,2250
2021-04-21 00:05:26.547000,4129.764,4129.054,2250,2250
2021-04-21 00:05:30.574000,4129.655,4128.933,2250,4190
2021-04-21 00:05:30.624000,4129.649,4128.933,2250,2250
2021-04-21 00:05:30.748000,4129.449,4128.733,2250,4190
2021-04-21 00:05:30.799000,4129.461,4128.748,2250,2250
2021-04-21 00:05:38.241000,4129.463,4129.099,460,2250
2021-04-21 00:05:38.292000,4129.701,4129.051,2250,2250
2021-04-21 00:05:40.966000,4129.664,4128.939,2250,4190
2021-04-21 00:05:41.016000,4129.655,4128.939,2250,2250
2021-04-21 00:05:41.288000,4129.452,4128.742,2250,4190
2021-04-21 00:05:41.338000,4129.464,4128.751,2250,2250
2021-04-21 00:05:44.046000,4129.252,4128.539,2250,4190
2021-04-21 00:05:44.096000,4129.249,4128.545,2250,2250
2021-04-21 00:05:44.197000,4128.949,4128.251,2250,4190
2021-04-21 00:05:44.248000,4128.958,4128.233,2250,2250
2021-04-21 00:05:44.998000,4128.903,4128.436,460,2250
2021-04-21 00:05:45.048000,4129.167,4128.454,2250,2250
2021-04-21 00:05:45.162000,4128.901,4128.254,2250,4190
2021-04-21 00:05:45.213000,4128.952,4128.233,2250,2250
2021-04-21 00:05:45.797000,4128.901,4128.299,2250,4190
2021-04-21 00:05:45.848000,4129.201,4128.599,2250,2250
2021-04-21 00:05:45.959000,4128.964,4128.248,2250,4190
2021-04-21 00:05:46.009000,4128.949,4128.236,2250,2250
2021-04-21 00:05:53.155000,4128.701,4128.045,2250,4190
2021-04-21 00:05:53.205000,4128.701,4128.036,2250,2250
2021-04-21 00:05:57.126000,4128.757,4128.254,460,2250
2021-04-21 00:05:57.176000,4128.955,4128.233,2250,2250
2021-04-21 00:05:57.285000,4128.746,4128.036,2250,4190
2021-04-21 00:05:57.336000,4128.764,4128.099,2250,2250
2021-04-21 00:06:09.134000,4128.748,4128.142,460,2250
2021-04-21 00:06:09.184000,4128.861,4128.139,2250,2250
2021-04-21 00:06:10.034000,4128.803,4128.236,460,2250
2021-04-21 00:06:10.084000,4128.946,4128.233,2250,2250
2021-04-21 00:06:28.982000,4128.969,4128.551,460,2250
2021-04-21 00:06:29.032000,4129.267,4128.533,2250,2250
2021-04-21 00:06:30.346000,4128.901,4128.245,2250,4190
2021-04-21 00:06:30.397000,4128.961,4128.233,2250,2250
2021-04-21 00:06:31.123000,4128.767,4128.033,2250,4190
2021-04-21 00:06:31.174000,4128.746,4128.045,2250,2250
2021-04-21 00:06:33.732000,4128.667,4127.948,2250,4190
2021-04-21 00:06:33.782000,4128.649,4127.945,2250,2250
2021-04-21 00:06:34.143000,4128.648,4128.033,460,2250
2021-04-21 00:06:34.193000,4128.755,4128.048,2250,2250
2021-04-21 00:06:35.703000,4128.461,4127.745,2250,4190
2021-04-21 00:06:35.754000,4128.461,4127.754,2250,2250
2021-04-21 00:06:35.865000,4128.451,4128.045,460,2250
2021-04-21 00:06:35.915000,4128.764,4128.039,2250,2250
2021-04-21 00:06:36.677000,4128.464,4127.739,2250,4190
2021-04-21 00:06:36.728000,4128.455,4127.739,2250,2250
2021-04-21 00:06:37.158000,4128.469,4128.054,460,2250
2021-04-21 00:06:37.209000,4128.752,4128.039,2250,2250
2021-04-21 00:06:38.482000,4128.449,4127.754,2250,4190
2021-04-21 00:06:38.532000,4128.446,4127.754,2250,2250
2021-04-21 00:06:44.690000,4128.249,4127.539,2250,4190
2021-04-21 00:06:44.740000,4128.258,4127.599,2250,2250
2021-04-21 00:06:45.171000,4128.266,4127.745,460,2250
2021-04-21 00:06:45.222000,4128.461,4127.748,2250,2250
2021-04-21 00:06:45.330000,4128.264,4127.554,2250,4190
2021-04-21 00:06:45.380000,4128.249,4127.539,2250,2250
2021-04-21 00:06:48.055000,4128.149,4127.433,2250,4190
2021-04-21 00:06:48.105000,4128.149,4127.442,2250,2250
2021-04-21 00:06:48.546000,4127.952,4127.236,2250,4190
2021-04-21 00:06:48.597000,4127.961,4127.245,2250,2250
2021-04-21 00:06:48.705000,4127.963,4127.599,460,2250
2021-04-21 00:06:48.757000,4128.252,4127.542,2250,2250
2021-04-21 00:06:50.175000,4127.946,4127.299,2250,4190
2021-04-21 00:06:50.225000,4127.964,4127.251,2250,2250
2021-04-21 00:06:51.124000,4127.96,4127.539,460,2250
2021-04-21 00:06:51.174000,4128.201,4127.536,2250,2250
2021-04-21 00:06:53.516000,4127.961,4127.254,2250,4190
2021-04-21 00:06:53.567000,4127.961,4127.251,2250,2250
2021-04-21 00:07:06.551000,4127.764,4127.042,2250,4190
2021-04-21 00:07:06.602000,4127.758,4127.048,2250,2250
2021-04-21 00:07:20.519000,4127.467,4126.736,2250,4190
2021-04-21 00:07:20.570000,4127.446,4126.748,2250,2250
2021-04-21 00:07:34.102000,4127.451,4127.099,460,2250
2021-04-21 00:07:34.152000,4127.755,4127.039,2250,2250
2021-04-21 00:07:34.263000,4127.458,4126.751,2250,4190
2021-04-21 00:07:34.313000,4127.449,4126.745,2250,2250
2021-04-21 00:07:43.752000,4127.457,4127.045,460,2250
2021-04-21 00:07:43.802000,4127.752,4127.045,2250,2250
2021-04-21 00:07:45.228000,4127.455,4126.736,2250,4190
2021-04-21 00:07:45.278000,4127.455,4126.751,2250,2250
2021-04-21 00:07:46.197000,4127.403,4127.051,460,2250
2021-04-21 00:07:46.248000,4127.764,4127.048,2250,2250
2021-04-21 00:07:49.004000,4127.401,4126.745,2250,4190
2021-04-21 00:07:49.054000,4127.455,4126.739,2250,2250
2021-04-21 00:07:49.929000,4127.46,4127.054,460,2250
2021-04-21 00:07:49.979000,4127.761,4127.033,2250,2250
2021-04-21 00:08:02.373000,4127.446,4126.754,2250,4190
2021-04-21 00:08:02.424000,4127.461,4126.736,2250,2250
2021-04-21 00:08:07.279000,4127.46,4127.099,460,2250
2021-04-21 00:08:07.329000,4127.749,4127.048,2250,2250
2021-04-21 00:08:12.477000,4127.703,4127.136,460,2250
2021-04-21 00:08:12.527000,4127.861,4127.136,2250,2250
2021-04-21 00:08:12.634000,4127.755,4127.036,2250,4190
2021-04-21 00:08:12.685000,4127.767,4127.099,2250,2250
2021-04-21 00:08:12.957000,4127.748,4127.233,460,2250
2021-04-21 00:08:13.007000,4127.949,4127.245,2250,2250
2021-04-21 00:08:27.964000,4127.957,4127.599,460,2250
2021-04-21 00:08:28.014000,4128.201,4127.536,2250,2250
2021-04-21 00:08:32.589000,4128.257,4127.742,460,2250
2021-04-21 00:08:32.639000,4128.446,4127.799,2250,2250
2021-04-21 00:08:32.909000,4128.301,4127.639,2250,4190
2021-04-21 00:08:32.959000,4128.301,4127.648,2250,2250
2021-04-21 00:08:33.070000,4128.264,4127.545,2250,4190
2021-04-21 00:08:33.120000,4128.261,4127.539,2250,2250
2021-04-21 00:08:33.548000,4128.251,4127.745,460,2250
2021-04-21 00:08:33.599000,4128.458,4127.745,2250,2250
2021-04-21 00:08:36.184000,4128.267,4127.545,2250,4190
2021-04-21 00:08:36.235000,4128.267,4127.545,2250,2250
2021-04-21 00:08:37.134000,4128.254,4127.745,460,2250
2021-04-21 00:08:37.184000,4128.452,4127.748,2250,2250
2021-04-21 00:08:40.506000,4128.466,4128.033,460,2250
2021-04-21 00:08:40.556000,4128.761,4128.033,2250,2250
2021-04-21 00:08:45.874000,4128.769,4128.236,460,2250
2021-04-21 00:08:45.924000,4128.949,4128.248,2250,2250
2021-04-21 00:08:52.961000,4128.954,4128.536,460,2250
2021-04-21 00:08:53.012000,4129.201,4128.536,2250,2250
2021-04-21 00:09:00.519000,4129.251,4128.639,460,2250
2021-04-21 00:09:00.569000,4129.358,4128.651,2250,2250
2021-04-21 00:09:00.681000,4129.348,4128.742,460,2250
2021-04-21 00:09:00.732000,4129.458,4128.742,2250,2250
2021-04-21 00:09:01.642000,4129.469,4129.099,460,2250
2021-04-21 00:09:01.693000,4129.761,4129.039,2250,2250
2021-04-21 00:09:04.635000,4129.769,4129.245,460,2250
2021-04-21 00:09:04.686000,4129.955,4129.248,2250,2250
2021-04-21 00:09:07.372000,4129.752,4129.045,2250,4190
2021-04-21 00:09:07.422000,4129.752,4129.099,2250,2250
2021-04-21 00:09:08.238000,4129.748,4129.239,460,2250
2021-04-21 00:09:08.289000,4129.961,4129.251,2250,2250
2021-04-21 00:09:11.226000,4129.966,4129.536,460,2250
2021-04-21 00:09:11.276000,4130.252,4129.551,2250,2250
2021-04-21 00:09:11.786000,4129.967,4129.251,2250,4190
2021-04-21 00:09:11.837000,4129.949,4129.239,2250,2250
2021-04-21 00:09:14.444000,4129.767,4129.042,2250,4190
2021-04-21 00:09:14.494000,4129.746,4129.033,2250,2250
2021-04-21 00:09:14.601000,4129.703,4129.139,460,2250
2021-04-21 00:09:14.651000,4129.861,4129.199,2250,2250
2021-04-21 00:09:14.949000,4129.86,4129.248,460,2250
2021-04-21 00:09:14.999000,4129.961,4129.236,2250,2250
2021-04-21 00:09:16.718000,4129.963,4129.554,460,2250
2021-04-21 00:09:16.768000,4130.201,4129.599,2250,2250
2021-04-21 00:09:19.222000,4129.946,4129.233,2250,2250
2021-04-21 00:09:19.378000,4129.903,4129.533,460,2250
2021-04-21 00:09:19.429000,4130.255,4129.539,2250,2250
2021-04-21 00:09:21.141000,4130.101,4129.442,2250,4190
2021-04-21 00:09:21.192000,4130.161,4129.445,2250,2250
2021-04-21 00:09:21.301000,4129.901,4129.254,2250,4190
2021-04-21 00:09:21.352000,4129.946,4129.299,2250,2250
2021-04-21 00:09:22.676000,4129.764,4129.033,2250,4190
2021-04-21 00:09:22.726000,4129.767,4129.045,2250,2250
2021-04-21 00:09:29.127000,4129.449,4128.754,2250,4190
2021-04-21 00:09:29.177000,4129.464,4128.736,2250,2250
2021-04-21 00:09:29.455000,4129.469,4129.048,460,2250
2021-04-21 00:09:29.505000,4129.758,4129.099,2250,2250
2021-04-21 00:09:29.768000,4129.452,4128.799,2250,4190
2021-04-21 00:09:29.818000,4129.467,4128.745,2250,2250
2021-04-21 00:09:33.474000,4129.246,4128.539,2250,4190
2021-04-21 00:09:33.524000,4129.255,4128.548,2250,2250
2021-04-21 00:09:37.233000,4129.263,4128.733,460,2250
2021-04-21 00:09:37.283000,4129.464,4128.739,2250,2250
2021-04-21 00:09:37.553000,4129.361,4128.654,2250,4190
2021-04-21 00:09:37.604000,4129.364,4128.642,2250,2250
2021-04-21 00:09:37.713000,4129.255,4128.539,2250,4190
2021-04-21 00:09:37.763000,4129.201,4128.542,2250,2250
2021-04-21 00:09:38.032000,4129.248,4128.736,460,2250
2021-04-21 00:09:38.083000,4129.455,4128.748,2250,2250
2021-04-21 00:09:38.194000,4129.349,4128.699,2250,4190
2021-04-21 00:09:38.244000,4129.355,4128.633,2250,2250
2021-04-21 00:09:39.889000,4129.357,4128.733,460,2250
2021-04-21 00:09:39.940000,4129.455,4128.745,2250,2250
2021-04-21 00:09:41.792000,4129.301,4128.633,2250,4190
2021-04-21 00:09:41.842000,4129.358,4128.639,2250,2250
2021-04-21 00:09:41.952000,4129.249,4128.599,2250,4190
2021-04-21 00:09:42.003000,4129.264,4128.551,2250,2250
2021-04-21 00:09:49.490000,4129.26,4128.799,460,2250
2021-04-21 00:09:49.540000,4129.401,4128.733,2250,2250
2021-04-21 00:09:49.815000,4129.264,4128.599,2250,4190
2021-04-21 00:09:49.866000,4129.255,4128.599,2250,2250
2021-04-21 00:09:59.650000,4129.257,4128.799,460,2250
2021-04-21 00:09:59.701000,4129.458,4128.739,2250,2250
2021-04-21 00:10:00.333000,4129.361,4128.645,2250,4190
2021-04-21 00:10:00.383000,4129.364,4128.633,2250,2250
2021-04-21 00:10:00.493000,4129.303,4128.739,460,2250
2021-04-21 00:10:00.543000,4129.455,4128.745,2250,2250
2021-04-21 00:10:00.824000,4129.261,4128.539,2250,4190
2021-04-21 00:10:00.874000,4129.252,4128.539,2250,2250
2021-04-21 00:10:01.822000,4129.446,4128.742,2250,2250
2021-04-21 00:10:01.932000,4129.258,4128.533,2250,4190
2021-04-21 00:10:01.982000,4129.258,4128.542,2250,2250
2021-04-21 00:10:02.092000,4129.251,4128.733,460,2250
2021-04-21 00:10:02.142000,4129.401,4128.733,2250,2250
2021-04-21 00:10:02.253000,4129.261,4128.536,2250,4190
2021-04-21 00:10:02.303000,4129.261,4128.536,2250,2250
2021-04-21 00:10:02.733000,4129.26,4128.739,460,2250
2021-04-21 00:10:02.784000,4129.467,4128.751,2250,2250
2021-04-21 00:10:03.897000,4129.246,4128.548,2250,4190
2021-04-21 00:10:03.947000,4129.267,4128.554,2250,2250
2021-04-21 00:10:05.014000,4129.401,4128.736,2250,2250
2021-04-21 00:10:09.930000,4129.255,4128.542,2250,4190
2021-04-21 00:10:09.980000,4129.249,4128.539,2250,2250
2021-04-21 00:10:10.087000,4129.254,4128.651,460,2250
2021-04-21 00:10:10.137000,4129.349,4128.642,2250,2250
2021-04-21 00:10:10.560000,4129.258,4128.599,2250,4190
2021-04-21 00:10:10.610000,4129.255,4128.539,2250,2250
2021-04-21 00:10:12.720000,4129.203,4128.742,460,2250
2021-04-21 00:10:12.770000,4129.455,4128.748,2250,2250
2021-04-21 00:10:13.042000,4129.346,4128.645,2250,4190
2021-04-21 00:10:13.093000,4129.361,4128.633,2250,2250
2021-04-21 00:10:14.387000,4129.363,4128.736,460,2250
2021-04-21 00:10:14.437000,4129.464,4128.745,2250,2250
2021-04-21 00:10:15.053000,4129.352,4128.636,2250,4190
2021-04-21 00:10:15.103000,4129.346,4128.654,2250,2250
2021-04-21 00:10:15.817000,4129.201,4128.545,2250,4190
2021-04-21 00:10:15.867000,4129.258,4128.599,2250,2250
2021-04-21 00:10:16.316000,4129.203,4128.736,460,2250
2021-04-21 00:10:16.366000,4129.467,4128.745,2250,2250
2021-04-21 00:10:20.292000,4129.46,4129.045,460,2250
2021-04-21 00:10:20.343000,4129.755,4129.039,2250,2250
2021-04-21 00:10:36.974000,4129.748,4129.142,460,2250
2021-04-21 00:10:37.024000,4129.861,4129.154,2250,2250
2021-04-21 00:10:37.379000,4129.76,4129.139,460,2250
2021-04-21 00:10:37.429000,4129.764,4129.051,2250,2250
2021-04-21 00:10:38.658000,4129.766,4129.299,460,2250
2021-04-21 00:10:38.708000,4129.949,4129.299,2250,2250
2021-04-21 00:10:39.139000,4129.701,4129.054,2250,4190
2021-04-21 00:10:39.189000,4129.749,4129.048,2250,2250
2021-04-21 00:10:39.606000,4129.748,4129.299,460,2250
2021-04-21 00:10:39.656000,4129.967,4129.236,2250,2250
2021-04-21 00:10:43.724000,4129.957,4129.439,460,2250
2021-04-21 00:10:43.775000,4130.146,4129.448,2250,2250
2021-04-21 00:10:45.390000,4129.901,4129.299,2250,4190
2021-04-21 00:10:45.441000,4129.961,4129.245,2250,2250
2021-04-21 00:10:47.675000,4129.969,4129.439,460,2250
2021-04-21 00:10:47.726000,4130.149,4129.433,2250,2250
2021-04-21 00:10:48.338000,4130.154,4129.542,460,2250
2021-04-21 00:10:48.388000,4130.255,4129.554,2250,2250
2021-04-21 00:11:00.862000,4130.26,4129.751,460,2250
2021-04-21 00:11:00.912000,4130.464,4129.733,2250,2250
2021-04-21 00:11:04.554000,4130.466,4129.939,460,2250
2021-04-21 00:11:04.604000,4130.661,4129.942,2250,2250
2021-04-21 00:11:04.715000,4130.446,4129.799,2250,4190
2021-04-21 00:11:04.766000,4130.449,4129.745,2250,2250
2021-04-21 00:11:21.339000,4130.355,4129.642,2250,4190
2021-04-21 00:11:21.389000,4130.349,4129.654,2250,2250
2021-04-21 00:11:21.498000,4130.249,4129.542,2250,4190
2021-04-21 00:11:21.548000,4130.201,4129.533,2250,2250
2021-04-21 00:11:26.219000,4130.251,4129.754,460,2250
2021-04-21 00:11:26.270000,4130.458,4129.745,2250,2250
2021-04-21 00:11:26.532000,4130.358,4129.699,2250,4190
2021-04-21 00:11:26.582000,4130.301,4129.639,2250,2250
2021-04-21 00:11:26.872000,4130.366,4129.736,460,2250
2021-04-21 00:11:26.922000,4130.458,4129.745,2250,2250
2021-04-21 00:11:34.428000,4130.264,4129.548,2250,4190
2021-04-21 00:11:34.478000,4130.258,4129.533,2250,2250
2021-04-21 00:11:44.194000,4129.749,4129.099,2250,4190
2021-04-21 00:11:44.244000,4129.746,4129.042,2250,2250
2021-04-21 00:11:49.762000,4129.751,4129.299,460,2250
2021-04-21 00:11:49.812000,4129.967,4129.245,2250,2250
2021-04-21 00:12:02.864000,4129.761,4129.048,2250,4190
2021-04-21 00:12:02.915000,4129.749,4129.099,2250,2250
2021-04-21 00:12:04.909000,4129.754,4129.245,460,2250
2021-04-21 00:12:04.960000,4129.958,4129.251,2250,2250
2021-04-21 00:12:10.973000,4130.155,4129.433,2250,2250
2021-04-21 00:12:11.132000,4130.16,4129.542,460,2250
2021-04-21 00:12:11.183000,4130.252,4129.542,2250,2250
2021-04-21 00:12:13.422000,4129.964,4129.236,2250,4190
2021-04-21 00:12:13.473000,4129.946,4129.236,2250,2250
2021-04-21 00:12:25.115000,4129.966,4129.539,460,2250
2021-04-21 00:12:25.165000,4130.255,4129.545,2250,2250
2021-04-21 00:12:35.532000,4130.26,4130.045,460,2250
2021-04-21 00:12:35.582000,4130.746,4130.045,2250,2250
2021-04-21 00:12:49.284000,4130.754,4130.299,460,2250
2021-04-21 00:12:49.334000,4130.949,4130.239,2250,2250
2021-04-21 00:12:49.945000,4130.746,4130.051,2250,2250
2021-04-21 00:13:20.356000,4130.769,4130.254,460,2250
2021-04-21 00:13:20.406000,4130.958,4130.299,2250,2250
2021-04-21 00:13:38.983000,4130.752,4130.051,2250,4190
2021-04-21 00:13:39.034000,4130.758,4130.039,2250,2250
2021-04-21 00:13:39.145000,4130.751,4130.236,460,2250
2021-04-21 00:13:39.195000,4130.952,4130.299,2250,2250
2021-04-21 00:13:39.313000,4130.701,4130.042,2250,4190
2021-04-21 00:13:39.363000,4130.761,4130.099,2250,2250
2021-04-21 00:13:56.044000,4130.401,4129.751,2250,4190
2021-04-21 00:13:56.094000,4130.446,4129.745,2250,2250
2021-04-21 00:13:56.211000,4130.403,4130.048,460,2250
2021-04-21 00:13:56.262000,4130.761,4130.033,2250,2250
2021-04-21 00:13:57.885000,4130.458,4129.751,2250,4190
2021-04-21 00:13:57.935000,4130.467,4129.739,2250,2250
2021-04-21 00:13:58.044000,4130.466,4130.099,460,2250
2021-04-21 00:13:58.095000,4130.764,4130.042,2250,2250
2021-04-21 00:14:00.705000,4130.703,4130.233,460,2250
2021-04-21 00:14:00.755000,4130.955,4130.239,2250,2250
2021-04-21 00:14:01.212000,4130.764,4130.033,2250,4190
2021-04-21 00:14:01.262000,4130.755,4130.042,2250,2250
2021-04-21 00:14:03.690000,4130.769,4130.248,460,2250
2021-04-21 00:14:03.741000,4130.901,4130.251,2250,2250
2021-04-21 00:14:28.053000,4130.764,4130.045,2250,4190
2021-04-21 00:14:28.103000,4130.752,4130.039,2250,2250
2021-04-21 00:14:39.649000,4130.751,4130.236,460,2250
2021-04-21 00:14:39.699000,4130.946,4130.248,2250,2250
2021-04-21 00:14:41.703000,4130.752,4130.033,2250,4190
2021-04-21 00:14:41.753000,4130.761,4130.045,2250,2250
2021-04-21 00:14:42.439000,4130.76,4130.245,460,2250
2021-04-21 00:14:42.489000,4130.952,4130.251,2250,2250
2021-04-21 00:14:43.169000,4130.846,4130.154,2250,4190
2021-04-21 00:14:43.220000,4130.849,4130.199,2250,2250
2021-04-21 00:14:47.567000,4130.761,4130.099,2250,4190
2021-04-21 00:14:47.617000,4130.749,4130.099,2250,2250
2021-04-21 00:14:59.794000,4130.769,4130.251,460,2250
2021-04-21 00:14:59.845000,4130.955,4130.254,2250,2250
2021-04-21 00:15:01.411000,4130.749,4130.042,2250,4190
2021-04-21 00:15:01.462000,4130.761,4130.054,2250,2250
2021-04-21 00:15:02.297000,4130.766,4130.248,460,2250
2021-04-21 00:15:02.347000,4130.955,4130.248,2250,2250
2021-04-21 00:15:03.597000,4130.767,4130.033,2250,4190
2021-04-21 00:15:03.647000,4130.767,4130.051,2250,2250
2021-04-21 00:15:03.762000,4130.757,4130.242,460,2250
2021-04-21 00:15:03.812000,4130.952,4130.299,2250,2250
2021-04-21 00:15:05.596000,4130.96,4130.554,460,2250
2021-04-21 00:15:05.646000,4131.255,4130.554,2250,2250
2021-04-21 00:15:06.454000,4131.257,4130.736,460,2250
2021-04-21 00:15:06.504000,4131.464,4130.745,2250,2250
2021-04-21 00:15:06.796000,4131.403,4131.233,460,2250
2021-04-21 00:15:06.846000,4131.949,4131.236,2250,2250
2021-04-21 00:15:08.727000,4131.761,4131.039,2250,4190
2021-04-21 00:15:08.777000,4131.764,4131.039,2250,2250
2021-04-21 00:15:08.886000,4131.763,4131.251,460,2250
2021-04-21 00:15:08.936000,4131.952,4131.239,2250,2250
2021-04-21 00:15:09.047000,4131.764,4131.042,2250,4190
2021-04-21 00:15:09.097000,4131.701,4131.099,2250,2250
2021-04-21 00:15:10.487000,4131.748,4131.199,460,2250
2021-04-21 00:15:10.538000,4131.849,4131.148,2250,2250
2021-04-21 00:15:10.647000,4131.764,4131.054,2250,4190
2021-04-21 00:15:10.697000,4131.746,4131.036,2250,2250
2021-04-21 00:15:10.966000,4131.766,4131.239,460,2250
2021-04-21 00:15:11.017000,4131.964,4131.233,2250,2250
2021-04-21 00:15:12.776000,4131.903,4131.436,460,2250
2021-04-21 00:15:12.826000,4132.146,4131.433,2250,2250
2021-04-21 00:15:12.936000,4131.967,4131.245,2250,4190
2021-04-21 00:15:12.986000,4131.901,4131.254,2250,2250
2021-04-21 00:15:15.288000,4131.948,4131.439,460,2250
2021-04-21 00:15:15.338000,4132.167,4131.445,2250,2250
2021-04-21 00:15:15.447000,4131.901,4131.233,2250,4190
2021-04-21 00:15:15.497000,4131.967,4131.299,2250,2250
2021-04-21 00:15:15.608000,4131.948,4131.599,460,2250
2021-04-21 00:15:15.658000,4132.264,4131.599,2250,2250
2021-04-21 00:15:23.745000,4132.269,4131.736,460,2250
2021-04-21 00:15:23.795000,4132.452,4131.739,2250,2250
2021-04-21 00:15:26.102000,4132.46,4132.033,460,2250
2021-04-21 00:15:26.152000,4132.746,4132.042,2250,2250
2021-04-21 00:15:26.420000,4132.452,4131.751,2250,4190
2021-04-21 00:15:26.471000,4132.467,4131.754,2250,2250
2021-04-21 00:15:28.189000,4132.255,4131.539,2250,4190
2021-04-21 00:15:28.240000,4132.255,4131.548,2250,2250
2021-04-21 00:15:30.020000,4132.251,4131.748,460,2250
2021-04-21 00:15:30.071000,4132.458,4131.736,2250,2250
2021-04-21 00:15:39.589000,4132.249,4131.539,2250,4190
2021-04-21 00:15:39.639000,4132.258,4131.548,2250,2250
2021-04-21 00:15:46.080000,4132.251,4131.733,460,2250
2021-04-21 00:15:46.130000,4132.461,4131.739,2250,2250
2021-04-21 00:15:48.434000,4132.448,4132.045,460,2250
2021-04-21 00:15:48.485000,4132.746,4132.036,2250,2250
2021-04-21 00:15:51.439000,4132.667,4131.951,2250,4190
2021-04-21 00:15:51.490000,4132.646,4131.999,2250,2250
2021-04-21 00:15:51.597000,4132.452,4131.742,2250,4190
2021-04-21 00:15:51.649000,4132.446,4131.742,2250,2250
2021-04-21 00:16:01.999000,4132.264,4131.542,2250,4190
2021-04-21 00:16:02.050000,4132.261,4131.539,2250,2250
2021-04-21 00:16:03.467000,4131.961,4131.239,2250,4190
2021-04-21 00:16:03.517000,4131.901,4131.254,2250,2250
2021-04-21 00:16:04.833000,4131.764,4131.051,2250,4190
2021-04-21 00:16:04.884000,4131.752,4131.051,2250,2250
2021-04-21 00:16:04.991000,4131.769,4131.245,460,2250
2021-04-21 00:16:05.042000,4131.952,4131.299,2250,2250
2021-04-21 00:16:13.018000,4131.758,4131.048,2250,4190
2021-04-21 00:16:13.068000,4131.767,4131.033,2250,2250
2021-04-21 00:16:44.743000,4131.751,4131.242,460,2250
2021-04-21 00:16:44.793000,4131.901,4131.254,2250,2250
2021-04-21 00:16:47.923000,4131.963,4131.542,460,2250
2021-04-21 00:16:47.973000,4132.252,4131.599,2250,2250
2021-04-21 00:16:51.062000,4131.952,4131.242,2250,4190
2021-04-21 00:16:51.112000,4131.952,4131.245,2250,2250
2021-04-21 00:16:52.831000,4131.864,4131.139,2250,4190
2021-04-21 00:16:52.882000,4131.867,4131.136,2250,2250
2021-04-21 00:16:52.992000,4131.803,4131.233,460,2250
2021-04-21 00:16:53.042000,4131.958,4131.299,2250,2250
2021-04-21 00:16:53.158000,4131.801,4131.142,2250,4190
2021-04-21 00:16:53.208000,4131.864,4131.199,2250,2250
2021-04-21 00:16:53.314000,4131.758,4131.048,2250,4190
2021-04-21 00:16:53.364000,4131.758,4131.033,2250,2250
2021-04-21 00:16:55.841000,4131.76,4131.133,460,2250
2021-04-21 00:16:55.892000,4131.849,4131.139,2250,2250
2021-04-21 00:16:56.322000,4131.869,4131.242,460,2250
2021-04-21 00:16:56.373000,4131.946,4131.251,2250,2250
2021-04-21 00:16:56.482000,4131.849,4131.139,2250,4190
2021-04-21 00:16:56.533000,4131.855,4131.199,2250,2250
2021-04-21 00:16:57.025000,4131.755,4131.033,2250,4190
2021-04-21 00:16:57.075000,4131.752,4131.036,2250,2250
2021-04-21 00:16:58.443000,4131.769,4131.151,460,2250
2021-04-21 00:16:58.493000,4131.861,4131.148,2250,2250
2021-04-21 00:16:58.761000,4131.866,4131.254,460,2250
2021-04-21 00:16:58.812000,4131.955,4131.251,2250,2250
2021-04-21 00:16:58.919000,4131.746,4131.099,2250,4190
2021-04-21 00:16:58.969000,4131.758,4131.033,2250,2250
2021-04-21 00:17:01.908000,4131.461,4130.799,2250,4190
2021-04-21 00:17:01.958000,4131.461,4130.751,2250,2250
2021-04-21 00:17:10.919000,4131.448,4130.942,460,2250
2021-04-21 00:17:10.970000,4131.667,4130.933,2250,2250
2021-04-21 00:17:11.443000,4131.401,4130.739,2250,4190
2021-04-21 00:17:11.493000,4131.458,4130.736,2250,2250
2021-04-21 00:17:15.281000,4131.258,4130.554,2250,4190
2021-04-21 00:17:15.331000,4131.261,4130.551,2250,2250
2021-04-21 00:17:16.313000,4130.964,4130.245,2250,4190
2021-04-21 00:17:16.363000,4130.949,4130.233,2250,2250
2021-04-21 00:17:18.359000,4130.951,4130.542,460,2250
2021-04-21 00:17:18.409000,4131.255,4130.542,2250,2250
2021-04-21 00:17:28.594000,4130.958,4130.233,2250,4190
2021-04-21 00:17:28.644000,4130.958,4130.251,2250,2250
2021-04-21 00:17:37.497000,4130.761,4130.099,2250,4190
2021-04-21 00:17:37.548000,4130.749,4130.051,2250,2250
2021-04-21 00:17:43.375000,4130.754,4130.254,460,2250
2021-04-21 00:17:43.426000,4130.955,4130.233,2250,2250
2021-04-21 00:17:52.315000,4130.761,4130.042,2250,4190
2021-04-21 00:17:52.365000,4130.758,4130.039,2250,2250
2021-04-21 00:17:56.188000,4130.401,4129.742,2250,2250
2021-04-21 00:17:57.469000,4130.758,4130.099,2250,2250
2021-04-21 00:18:02.349000,4130.703,4130.251,460,2250
2021-04-21 00:18:02.399000,4130.967,4130.251,2250,2250
2021-04-21 00:18:06.056000,4130.96,4130.548,460,2250
2021-04-21 00:18:06.106000,4131.258,4130.533,2250,2250
2021-04-21 00:18:07.016000,4130.967,4130.248,2250,4190
2021-04-21 00:18:07.067000,4130.952,4130.236,2250,2250
2021-04-21 00:18:08.071000,4130.96,4130.554,460,2250
2021-04-21 00:18:08.121000,4131.264,4130.548,2250,2250
2021-04-21 00:18:11.547000,4131.254,4130.739,460,2250
2021-04-21 00:18:11.597000,4131.452,4130.733,2250,2250
2021-04-21 00:18:14.379000,4131.264,4130.551,2250,4190
2021-04-21 00:18:14.430000,4131.252,4130.548,2250,2250
2021-04-21 00:18:16.224000,4130.946,4130.299,2250,4190
2021-04-21 00:18:16.275000,4130.964,4130.299,2250,2250
2021-04-21 00:18:19.014000,4130.752,4130.036,2250,4190
2021-04-21 00:18:19.064000,4130.758,4130.042,2250,2250
2021-04-21 00:18:33.738000,4130.452,4129.736,2250,4190
2021-04-21 00:18:33.788000,4130.461,4129.739,2250,2250
2021-04-21 00:18:39.377000,4130.249,4129.542,2250,4190
2021-04-21 00:18:39.427000,4130.255,4129.548,2250,2250
2021-04-21 00:18:42.690000,4130.254,4129.736,460,2250
2021-04-21 00:18:42.740000,4130.446,4129.733,2250,2250
2021-04-21 00:18:43.655000,4130.258,4129.536,2250,4190
2021-04-21 00:18:43.706000,4130.267,4129.599,2250,2250
2021-04-21 00:18:45.836000,4130.266,4129.742,460,2250
2021-04-21 00:18:45.887000,4130.458,4129.739,2250,2250
2021-04-21 00:18:46.407000,4130.252,4129.554,2250,4190
2021-04-21 00:18:46.457000,4130.252,4129.599,2250,2250
2021-04-21 00:18:47.236000,4130.254,4129.739,460,2250
2021-04-21 00:18:47.287000,4130.401,4129.754,2250,2250
2021-04-21 00:18:57.833000,4130.448,4130.099,460,2250
2021-04-21 00:18:57.883000,4130.749,4130.039,2250,2250
2021-04-21 00:18:58.328000,4130.461,4129.799,2250,4190
2021-04-21 00:18:58.378000,4130.458,4129.748,2250,2250
2021-04-21 00:18:58.487000,4130.454,4130.099,460,2250
2021-04-21 00:18:58.537000,4130.749,4130.045,2250,2250
2021-04-21 00:19:01.346000,4130.467,4129.733,2250,4190
2021-04-21 00:19:01.397000,4130.401,4129.748,2250,2250
2021-04-21 00:19:08.115000,4130.466,4130.099,460,2250
2021-04-21 00:19:08.165000,4130.758,4130.039,2250,2250
2021-04-21 00:19:08.598000,4130.464,4129.733,2250,4190
2021-04-21 00:19:08.648000,4130.449,4129.742,2250,2250
2021-04-21 00:19:17.450000,4130.264,4129.542,2250,4190
2021-04-21 00:19:17.500000,4130.252,4129.533,2250,2250
2021-04-21 00:19:22.002000,4130.266,4129.748,460,2250
2021-04-21 00:19:22.052000,4130.458,4129.739,2250,2250
2021-04-21 00:19:56.115000,4130.346,4129.645,2250,4190
2021-04-21 00:19:56.165000,4130.346,4129.651,2250,2250
2021-04-21 00:19:56.685000,4130.369,4129.799,460,2250
2021-04-21 00:19:56.736000,4130.467,4129.751,2250,2250
2021-04-21 00:20:06.867000,4130.463,4130.033,460,2250
2021-04-21 00:20:06.918000,4130.746,4130.051,2250,2250
2021-04-21 00:20:07.866000,4130.449,4129.742,2250,4190
2021-04-21 00:20:07.916000,4130.452,4129.742,2250,2250
2021-04-21 00:20:08.186000,4130.463,4129.936,460,2250
2021-04-21 00:20:08.237000,4130.664,4129.939,2250,2250
2021-04-21 00:20:09.073000,4130.461,4129.736,2250,4190
2021-04-21 00:20:09.123000,4130.401,4129.748,2250,2250
2021-04-21 00:20:10.867000,4130.463,4130.099,460,2250
2021-04-21 00:20:10.917000,4130.749,4130.039,2250,2250
2021-04-21 00:20:11.872000,4130.769,4130.245,460,2250
2021-04-21 00:20:11.922000,4130.952,4130.248,2250,2250
2021-04-21 00:20:43.199000,4130.963,4130.442,460,2250
2021-04-21 00:20:43.249000,4131.152,4130.448,2250,2250
2021-04-21 00:20:43.358000,4131.148,4130.599,460,2250
2021-04-21 00:20:43.409000,4131.258,4130.539,2250,2250
2021-04-21 00:20:50.405000,4131.251,4130.733,460,2250
2021-04-21 00:20:50.455000,4131.461,4130.739,2250,2250
2021-04-21 00:20:50.565000,4131.346,4130.645,2250,4190
2021-04-21 00:20:50.616000,4131.361,4130.645,2250,2250
2021-04-21 00:20:50.729000,4131.366,4130.799,460,2250
2021-04-21 00:20:50.779000,4131.449,4130.745,2250,2250
2021-04-21 00:21:08.869000,4131.466,4130.942,460,2250
2021-04-21 00:21:08.919000,4131.664,4130.945,2250,2250
2021-04-21 00:21:09.827000,4131.467,4130.739,2250,4190
2021-04-21 00:21:09.877000,4131.467,4130.754,2250,2250
2021-04-21 00:21:13.054000,4131.403,4131.036,460,2250
2021-04-21 00:21:13.105000,4131.764,4131.039,2250,2250
2021-04-21 00:21:18.377000,4131.449,4130.736,2250,4190
2021-04-21 00:21:18.427000,4131.452,4130.751,2250,2250
2021-04-21 00:21:26.307000,4131.352,4130.639,2250,4190
2021-04-21 00:21:26.357000,4131.364,4130.699,2250,2250
2021-04-21 00:21:26.481000,4131.258,4130.539,2250,4190
2021-04-21 00:21:26.531000,4131.264,4130.542,2250,2250
2021-04-21 00:21:40.860000,4130.958,4130.242,2250,4190
2021-04-21 00:21:40.910000,4130.961,4130.299,2250,2250
2021-04-21 00:21:56.489000,4130.749,4130.051,2250,4190
2021-04-21 00:21:56.540000,4130.755,4130.099,2250,2250
2021-04-21 00:22:04.723000,4130.467,4129.742,2250,4190
2021-04-21 00:22:04.774000,4130.467,4129.745,2250,2250
2021-04-21 00:22:05.288000,4130.403,4130.045,460,2250
2021-04-21 00:22:05.338000,4130.764,4130.042,2250,2250
2021-04-21 00:22:05.714000,4130.446,4129.733,2250,4190
2021-04-21 00:22:05.764000,4130.464,4129.799,2250,2250
2021-04-21 00:22:11.871000,4130.267,4129.545,2250,4190
2021-04-21 00:22:11.921000,4130.264,4129.536,2250,2250
2021-04-21 00:22:16.764000,4130.26,4129.742,460,2250
2021-04-21 00:22:16.814000,4130.449,4129.739,2250,2250
2021-04-21 00:22:22.831000,4130.403,4130.036,460,2250
2021-04-21 00:22:22.882000,4130.701,4130.051,2250,2250
2021-04-21 00:22:26.456000,4130.751,4130.236,460,2250
2021-04-21 00:22:26.506000,4130.901,4130.254,2250,2250
2021-04-21 00:22:30.884000,4130.761,4130.033,2250,4190
2021-04-21 00:22:30.934000,4130.761,4130.045,2250,2250
2021-04-21 00:22:32.354000,4130.763,4130.299,460,2250
2021-04-21 00:22:32.404000,4130.961,4130.242,2250,2250
2021-04-21 00:22:37.640000,4130.752,4130.039,2250,4190
2021-04-21 00:22:37.690000,4130.746,4130.099,2250,2250
2021-04-21 00:22:40.758000,4130.748,4130.254,460,2250
2021-04-21 00:22:40.809000,4130.964,4130.248,2250,2250
2021-04-21 00:22:52.742000,4130.957,4130.548,460,2250
2021-04-21 00:22:52.792000,4131.252,4130.548,2250,2250
2021-04-21 00:22:52.903000,4130.955,4130.251,2250,4190
2021-04-21 00:22:52.953000,4130.949,4130.254,2250,2250
2021-04-21 00:22:58.493000,4130.957,4130.499,460,2250
2021-04-21 00:22:58.543000,4131.164,4130.439,2250,2250
2021-04-21 00:22:58.926000,4130.955,4130.245,2250,4190
2021-04-21 00:22:58.977000,4130.949,4130.248,2250,2250
2021-04-21 00:22:59.661000,4130.969,4130.448,460,2250
2021-04-21 00:22:59.711000,4131.101,4130.439,2250,2250
2021-04-21 00:23:00.409000,4130.955,4130.236,2250,4190
2021-04-21 00:23:00.459000,4130.964,4130.236,2250,2250
2021-04-21 00:23:03.303000,4130.963,4130.439,460,2250
2021-04-21 00:23:03.353000,4131.146,4130.445,2250,2250
2021-04-21 00:23:03.785000,4130.949,4130.236,2250,4190
2021-04-21 00:23:03.835000,4130.958,4130.239,2250,2250
2021-04-21 00:23:11.359000,4130.852,4130.199,2250,4190
2021-04-21 00:23:11.409000,4130.855,4130.142,2250,2250
2021-04-21 00:23:12.161000,4130.755,4130.036,2250,4190
2021-04-21 00:23:12.211000,4130.755,4130.036,2250,2250
2021-04-21 00:23:12.482000,4130.766,4130.133,460,2250
2021-04-21 00:23:12.532000,4130.852,4130.139,2250,2250
2021-04-21 00:23:12.641000,4130.857,4130.239,460,2250
2021-04-21 00:23:12.692000,4130.949,4130.248,2250,2250
2021-04-21 00:23:13.445000,4130.801,4130.154,2250,4190
2021-04-21 00:23:13.496000,4130.867,4130.139,2250,2250
2021-04-21 00:23:13.604000,4130.86,4130.236,460,2250
2021-04-21 00:23:13.655000,4130.949,4130.239,2250,2250
2021-04-21 00:23:58.394000,4130.701,4130.045,2250,4190
2021-04-21 00:23:58.444000,4130.755,4130.045,2250,2250
2021-04-21 00:24:07.171000,4130.754,4130.254,460,2250
2021-04-21 00:24:07.221000,4130.949,4130.236,2250,2250
2021-04-21 00:24:16.009000,4130.767,4130.054,2250,4190
2021-04-21 00:24:16.060000,4130.749,4130.054,2250,2250
2021-04-21 00:24:16.662000,4130.763,4130.299,460,2250
2021-04-21 00:24:16.713000,4130.952,4130.245,2250,2250
2021-04-21 00:24:31.910000,4130.903,4130.542,460,2250
2021-04-21 00:24:31.961000,4131.261,4130.536,2250,2250
2021-04-21 00:24:33.478000,4130.955,4130.245,2250,4190
2021-04-21 00:24:33.529000,4130.967,4130.254,2250,2250
2021-04-21 00:24:38.072000,4130.963,4130.554,460,2250
2021-04-21 00:24:38.122000,4131.201,4130.539,2250,2250
2021-04-21 00:24:40.343000,4130.949,4130.299,2250,4190
2021-04-21 00:24:40.393000,4130.955,4130.236,2250,2250
2021-04-21 00:24:50.734000,4130.764,4130.036,2250,4190
2021-04-21 00:24:50.784000,4130.761,4130.048,2250,2250
2021-04-21 00:24:51.053000,4130.748,4130.242,460,2250
2021-04-21 00:24:51.105000,4130.961,4130.251,2250,2250
2021-04-21 00:25:01.319000,4130.96,4130.445,460,2250
2021-04-21 00:25:01.369000,4131.146,4130.436,2250,2250
2021-04-21 00:25:01.477000,4131.163,4130.545,460,2250
2021-04-21 00:25:01.528000,4131.264,4130.548,2250,2250
2021-04-21 00:25:03.560000,4130.901,4130.245,2250,4190
2021-04-21 00:25:03.611000,4130.946,4130.299,2250,2250
2021-04-21 00:25:45.799000,4130.969,4130.551,460,2250
2021-04-21 00:25:45.849000,4131.267,4130.542,2250,2250
2021-04-21 00:25:46.599000,4130.946,4130.239,2250,4190
2021-04-21 00:25:46.649000,4130.961,4130.245,2250,2250
2021-04-21 00:25:47.556000,4130.969,4130.542,460,2250
2021-04-21 00:25:47.607000,4131.264,4130.551,2250,2250
2021-04-21 00:25:48.263000,4130.961,4130.233,2250,4190
2021-04-21 00:25:48.314000,4130.967,4130.242,2250,2250
2021-04-21 00:25:49.702000,4130.963,4130.542,460,2250
2021-04-21 00:25:49.753000,4131.252,4130.599,2250,2250
2021-04-21 00:26:02.358000,4131.251,4130.733,460,2250
2021-04-21 00:26:02.409000,4131.464,4130.748,2250,2250
2021-04-21 00:26:25.758000,4131.457,4130.945,460,2250
2021-04-21 00:26:25.809000,4131.652,4130.999,2250,2250
2021-04-21 00:26:25.918000,4131.458,4130.751,2250,4190
2021-04-21 00:26:25.968000,4131.458,4130.748,2250,2250
2021-04-21 00:26:37.744000,4131.249,4130.539,2250,4190
2021-04-21 00:26:37.795000,4131.267,4130.551,2250,2250
2021-04-21 00:26:41.253000,4131.203,4130.736,460,2250
2021-04-21 00:26:41.303000,4131.449,4130.751,2250,2250
2021-04-21 00:26:48.370000,4131.258,4130.533,2250,4190
2021-04-21 00:26:48.421000,4131.252,4130.545,2250,2250
2021-04-21 00:26:55.456000,4131.248,4130.745,460,2250
2021-04-21 00:26:55.507000,4131.467,4130.751,2250,2250
2021-04-21 00:26:59.497000,4131.403,4131.099,460,2250
2021-04-21 00:26:59.548000,4131.761,4131.051,2250,2250
2021-04-21 00:27:01.228000,4131.401,4130.754,2250,4190
2021-04-21 00:27:01.278000,4131.452,4130.742,2250,2250
2021-04-21 00:27:03.928000,4131.252,4130.548,2250,4190
2021-04-21 00:27:03.978000,4131.249,4130.542,2250,2250
2021-04-21 00:27:06.556000,4131.26,4130.648,460,2250
2021-04-21 00:27:06.606000,4131.358,4130.699,2250,2250
2021-04-21 00:27:06.716000,4131.354,4130.742,460,2250
2021-04-21 00:27:06.767000,4131.464,4130.799,2250,2250
2021-04-21 00:27:07.042000,4131.252,4130.548,2250,4190
2021-04-21 00:27:07.093000,4131.264,4130.545,2250,2250
2021-04-21 00:27:07.916000,4131.254,4130.733,460,2250
2021-04-21 00:27:07.967000,4131.452,4130.799,2250,2250
2021-04-21 00:27:09.354000,4131.252,4130.533,2250,4190
2021-04-21 00:27:09.404000,4131.255,4130.548,2250,2250
2021-04-21 00:27:43.585000,4130.964,4130.236,2250,4190
2021-04-21 00:27:43.635000,4130.964,4130.233,2250,2250
2021-04-21 00:27:43.909000,4130.903,4130.599,460,2250
2021-04-21 00:27:43.959000,4131.258,4130.551,2250,2250
2021-04-21 00:27:44.535000,4130.967,4130.299,2250,4190
2021-04-21 00:27:44.586000,4130.901,4130.242,2250,2250
2021-04-21 00:27:55.118000,4130.948,4130.539,460,2250
2021-04-21 00:27:55.168000,4131.255,4130.599,2250,2250
2021-04-21 00:27:56.116000,4130.901,4130.242,2250,4190
2021-04-21 00:27:56.167000,4130.958,4130.242,2250,2250
2021-04-21 00:27:57.453000,4130.963,4130.448,460,2250
2021-04-21 00:27:57.503000,4131.155,4130.448,2250,2250
2021-04-21 00:27:59.233000,4130.949,4130.299,2250,4190
2021-04-21 00:27:59.283000,4130.949,4130.233,2250,2250
2021-04-21 00:28:00.045000,4130.969,4130.548,460,2250
2021-04-21 00:28:00.096000,4131.201,4130.554,2250,2250
2021-04-21 00:28:09.436000,4131.263,4130.751,460,2250
2021-04-21 00:28:09.487000,4131.458,4130.736,2250,2250
2021-04-21 00:28:20.913000,4131.255,4130.539,2250,4190
2021-04-21 00:28:20.964000,4131.261,4130.533,2250,2250
2021-04-21 00:28:31.654000,4130.746,4130.033,2250,4190
2021-04-21 00:28:31.704000,4130.755,4130.048,2250,2250
2021-04-21 00:28:31.812000,4130.763,4130.236,460,2250
2021-04-21 00:28:31.862000,4130.946,4130.248,2250,2250
2021-04-21 00:28:35.428000,4130.752,4130.099,2250,4190
2021-04-21 00:28:35.479000,4130.749,4130.033,2250,2250
2021-04-21 00:28:36.160000,4130.757,4130.139,460,2250
2021-04-21 00:28:36.211000,4130.861,4130.142,2250,2250
2021-04-21 00:28:36.886000,4130.857,4130.242,460,2250
2021-04-21 00:28:36.936000,4130.964,4130.254,2250,2250
2021-04-21 00:28:37.157000,4130.861,4130.139,2250,4190
2021-04-21 00:28:37.208000,4130.861,4130.151,2250,2250
2021-04-21 00:28:38.013000,4130.749,4130.051,2250,4190
2021-04-21 00:28:38.064000,4130.761,4130.045,2250,2250
2021-04-21 00:28:48.032000,4130.703,4130.239,460,2250
2021-04-21 00:28:48.083000,4130.964,4130.248,2250,2250
2021-04-21 00:28:48.511000,4130.755,4130.045,2250,4190
2021-04-21 00:28:48.562000,4130.752,4130.048,2250,2250
2021-04-21 00:28:49.008000,4130.763,4130.251,460,2250
2021-04-21 00:28:49.058000,4130.958,4130.251,2250,2250
2021-04-21 00:28:54.825000,4130.957,4130.545,460,2250
2021-04-21 00:28:54.879000,4131.201,4130.536,2250,2250
2021-04-21 00:28:55.473000,4130.949,4130.254,2250,4190
2021-04-21 00:28:55.523000,4130.955,4130.233,2250,2250
2021-04-21 00:29:12.563000,4130.758,4130.054,2250,4190
2021-04-21 00:29:12.613000,4130.749,4130.036,2250,2250
2021-04-21 00:29:21.329000,4130.751,4130.145,460,2250
2021-04-21 00:29:21.379000,4130.861,4130.139,2250,2250
2021-04-21 00:29:21.488000,4130.851,4130.254,460,2250
2021-04-21 00:29:21.538000,4130.946,4130.245,2250,2250
2021-04-21 00:29:30.600000,4130.761,4130.051,2250,4190
2021-04-21 00:29:30.650000,4130.746,4130.033,2250,2250
2021-04-21 00:29:39.347000,4130.769,4130.233,460,2250
2021-04-21 00:29:39.397000,4130.958,4130.248,2250,2250
2021-04-21 00:29:59.981000,4130.951,4130.599,460,2250
2021-04-21 00:30:00.031000,4131.261,4130.599,2250,2250
2021-04-21 00:30:00.192000,4130.901,4130.245,2250,4190
2021-04-21 00:30:00.243000,4130.958,4130.254,2250,2250
2021-04-21 00:30:00.352000,4130.966,4130.542,460,2250
2021-04-21 00:30:00.402000,4131.249,4130.548,2250,2250
2021-04-21 00:30:02.695000,4131.254,4130.745,460,2250
2021-04-21 00:30:02.745000,4131.455,4130.733,2250,2250
2021-04-21 00:30:03.226000,4131.267,4130.599,2250,4190
2021-04-21 00:30:03.276000,4131.249,4130.539,2250,2250
2021-04-21 00:30:04.513000,4131.263,4130.799,460,2250
2021-04-21 00:30:04.563000,4131.449,4130.745,2250,2250
2021-04-21 00:30:04.673000,4131.349,4130.651,2250,4190
2021-04-21 00:30:04.724000,4131.367,4130.654,2250,2250
2021-04-21 00:30:04.874000,4131.201,4130.533,2250,4190
2021-04-21 00:30:04.925000,4131.201,4130.542,2250,2250
2021-04-21 00:30:17.095000,4131.152,4130.433,2250,4190
2021-04-21 00:30:17.145000,4131.146,4130.439,2250,2250
2021-04-21 00:30:18.633000,4131.151,4130.548,460,2250
2021-04-21 00:30:18.683000,4131.252,4130.554,2250,2250
2021-04-21 00:30:23.185000,4130.964,4130.248,2250,4190
2021-04-21 00:30:23.235000,4130.946,4130.254,2250,2250
2021-04-21 00:30:24.541000,4130.96,4130.554,460,2250
2021-04-21 00:30:24.591000,4131.258,4130.539,2250,2250
2021-04-21 00:30:55.667000,4130.958,4130.251,2250,4190
2021-04-21 00:30:55.717000,4130.946,4130.239,2250,2250
2021-04-21 00:31:01.484000,4130.749,4130.033,2250,4190
2021-04-21 00:31:01.534000,4130.767,4130.054,2250,2250
2021-04-21 00:31:02.349000,4130.763,4130.233,460,2250
2021-04-21 00:31:02.399000,4130.964,4130.245,2250,2250
2021-04-21 00:31:03.012000,4130.767,4130.051,2250,4190
2021-04-21 00:31:03.063000,4130.752,4130.036,2250,2250
2021-04-21 00:31:22.909000,4130.748,4130.299,460,2250
2021-04-21 00:31:22.959000,4130.949,4130.299,2250,2250
2021-04-21 00:31:36.613000,4130.954,4130.533,460,2250
2021-04-21 00:31:36.663000,4131.201,4130.533,2250,2250
2021-04-21 00:31:39.961000,4130.961,4130.254,2250,4190
2021-04-21 00:31:40.012000,4130.901,4130.251,2250,2250
2021-04-21 00:31:56.958000,4130.767,4130.033,2250,4190
2021-04-21 00:31:57.008000,4130.761,4130.033,2250,2250
2021-04-21 00:32:00.168000,4130.703,4130.254,460,2250
2021-04-21 00:32:00.218000,4130.961,4130.299,2250,2250
2021-04-21 00:32:11.484000,4130.903,4130.548,460,2250
2021-04-21 00:32:11.534000,4131.255,4130.533,2250,2250
2021-04-21 00:32:13.610000,4131.248,4130.742,460,2250
2021-04-21 00:32:13.660000,4131.464,4130.739,2250,2250
2021-04-21 00:32:19.112000,4131.466,4131.042,460,2250
2021-04-21 00:32:19.163000,4131.752,4131.048,2250,2250
2021-04-21 00:32:21.951000,4131.649,4130.951,2250,4190
2021-04-21 00:32:22.002000,4131.601,4130.999,2250,2250
2021-04-21 00:32:22.298000,4131.663,4131.033,460,2250
2021-04-21 00:32:22.348000,4131.752,4131.048,2250,2250
2021-04-21 00:32:27.925000,4131.751,4131.242,460,2250
2021-04-21 00:32:27.975000,4131.958,4131.236,2250,2250
2021-04-21 00:32:41.889000,4131.951,4131.454,460,2250
2021-04-21 00:32:41.939000,4132.158,4131.445,2250,2250
2021-04-21 00:32:42.057000,4132.166,4131.545,460,2250
2021-04-21 00:32:42.107000,4132.249,4131.539,2250,2250
2021-04-21 00:32:42.538000,4131.952,4131.254,2250,4190
2021-04-21 00:32:42.588000,4131.949,4131.245,2250,2250
2021-04-21 00:32:56.131000,4131.903,4131.451,460,2250
2021-04-21 00:32:56.181000,4132.167,4131.448,2250,2250
2021-04-21 00:32:57.368000,4131.967,4131.245,2250,4190
2021-04-21 00:32:57.419000,4131.901,4131.299,2250,2250
2021-04-21 00:32:58.362000,4131.903,4131.542,460,2250
2021-04-21 00:32:58.413000,4132.258,4131.542,2250,2250
2021-04-21 00:33:20.730000,4131.967,4131.299,2250,4190
2021-04-21 00:33:20.780000,4131.952,4131.242,2250,2250
2021-04-21 00:33:33.702000,4131.957,4131.545,460,2250
2021-04-21 00:33:33.752000,4132.264,4131.539,2250,2250
2021-04-21 00:33:33.863000,4131.967,4131.239,2250,4190
2021-04-21 00:33:33.914000,4131.955,4131.242,2250,2250
2021-04-21 00:33:41.231000,4131.749,4131.039,2250,4190
2021-04-21 00:33:41.281000,4131.758,4131.036,2250,2250
2021-04-21 00:33:42.902000,4131.76,4131.251,460,2250
2021-04-21 00:33:42.952000,4131.961,4131.239,2250,2250
2021-04-21 00:33:45.854000,4131.752,4131.099,2250,4190
2021-04-21 00:33:45.904000,4131.767,4131.039,2250,2250
2021-04-21 00:33:48.400000,4131.769,4131.254,460,2250
2021-04-21 00:33:48.450000,4131.946,4131.251,2250,2250
2021-04-21 00:33:48.719000,4131.746,4131.099,2250,4190
2021-04-21 00:33:48.770000,4131.758,4131.051,2250,2250
2021-04-21 00:33:49.042000,4131.754,4131.148,460,2250
2021-04-21 00:33:49.092000,4131.867,4131.145,2250,2250
2021-04-21 00:33:51.069000,4131.869,4131.233,460,2250
2021-04-21 00:33:51.119000,4131.961,4131.239,2250,2250
2021-04-21 00:33:52.145000,4131.755,4131.045,2250,4190
2021-04-21 00:33:52.195000,4131.758,4131.099,2250,2250
2021-04-21 00:33:53.850000,4131.757,4131.239,460,2250
2021-04-21 00:33:53.900000,4131.952,4131.254,2250,2250
2021-04-21 00:33:55.097000,4131.867,4131.133,2250,4190
2021-04-21 00:33:55.148000,4131.864,4131.142,2250,2250
2021-04-21 00:33:55.259000,4131.749,4131.039,2250,4190
2021-04-21 00:33:55.310000,4131.701,4131.051,2250,2250
2021-04-21 00:33:57.338000,4131.769,4131.133,460,2250
2021-04-21 00:33:57.389000,4131.855,4131.139,2250,2250
2021-04-21 00:33:58.275000,4131.803,4131.245,460,2250
2021-04-21 00:33:58.325000,4131.946,4131.233,2250,2250
2021-04-21 00:33:58.436000,4131.858,4131.199,2250,4190
2021-04-21 00:33:58.487000,4131.852,4131.145,2250,2250
2021-04-21 00:33:58.595000,4131.761,4131.045,2250,4190
2021-04-21 00:33:58.645000,4131.761,4131.048,2250,2250
2021-04-21 00:34:00.694000,4131.748,4131.236,460,2250
2021-04-21 00:34:00.744000,4131.961,4131.248,2250,2250
2021-04-21 00:34:07.395000,4131.758,4131.051,2250,4190
2021-04-21 00:34:07.446000,4131.746,4131.036,2250,2250
2021-04-21 00:34:10.517000,4131.751,4131.139,460,2250
2021-04-21 00:34:10.567000,4131.801,4131.199,2250,2250
2021-04-21 00:34:11.069000,4131.863,4131.245,460,2250
2021-04-21 00:34:11.119000,4131.961,4131.236,2250,2250
2021-04-21 00:34:13.841000,4131.903,4131.533,460,2250
2021-04-21 00:34:13.891000,4132.252,4131.542,2250,2250
2021-04-21 00:34:14.163000,4132.269,4131.742,460,2250
2021-04-21 00:34:14.213000,4132.461,4131.745,2250,2250
2021-04-21 00:34:27.394000,4132.249,4131.533,2250,4190
2021-04-21 00:34:27.444000,4132.267,4131.545,2250,2250
2021-04-21 00:34:45.397000,4131.967,4131.251,2250,4190
2021-04-21 00:34:45.447000,4131.961,4131.248,2250,2250
2021-04-21 00:35:01.442000,4131.755,4131.036,2250,4190
2021-04-21 00:35:01.492000,4131.764,4131.051,2250,2250
2021-04-21 00:36:08.660000,4131.769,4131.551,460,2250
2021-04-21 00:36:08.710000,4132.246,4131.533,2250,2250
2021-04-21 00:36:08.829000,4131.958,4131.236,2250,4190
2021-04-21 00:36:08.879000,4131.958,4131.254,2250,2250
2021-04-21 00:36:09.302000,4131.861,4131.133,2250,4190
2021-04-21 00:36:09.352000,4131.861,4131.199,2250,2250
2021-04-21 00:36:09.462000,4131.755,4131.054,2250,4190
2021-04-21 00:36:09.513000,4131.758,4131.045,2250,2250
2021-04-21 00:36:12.295000,4131.703,4131.151,460,2250
2021-04-21 00:36:12.345000,4131.849,4131.136,2250,2250
2021-04-21 00:36:12.575000,4131.857,4131.248,460,2250
2021-04-21 00:36:12.626000,4131.967,4131.251,2250,2250
2021-04-21 00:36:21.140000,4131.954,4131.599,460,2250
2021-04-21 00:36:21.190000,4132.249,4131.554,2250,2250
2021-04-21 00:36:23.447000,4132.203,4131.739,460,2250
2021-04-21 00:36:23.497000,4132.455,4131.733,2250,2250
2021-04-21 00:36:24.193000,4132.358,4131.699,2250,4190
2021-04-21 00:36:24.243000,4132.364,4131.651,2250,2250
2021-04-21 00:36:24.353000,4132.201,4131.551,2250,4190
2021-04-21 00:36:24.403000,4132.261,4131.551,2250,2250
2021-04-21 00:36:26.623000,4132.263,4131.739,460,2250
2021-04-21 00:36:26.674000,4132.467,4131.748,2250,2250
2021-04-21 00:36:28.639000,4132.454,4132.045,460,2250
2021-04-21 00:36:28.690000,4132.752,4132.099,2250,2250
2021-04-21 00:36:42.294000,4132.769,4132.533,460,2250
2021-04-21 00:36:42.344000,4133.246,4132.551,2250,2250
2021-04-21 00:36:42.454000,4132.967,4132.299,2250,4190
2021-04-21 00:36:42.504000,4132.901,4132.245,2250,2250
2021-04-21 00:36:42.780000,4132.752,4132.045,2250,4190
2021-04-21 00:36:42.830000,4132.761,4132.099,2250,2250
2021-04-21 00:36:48.577000,4132.649,4131.942,2250,4190
2021-04-21 00:36:48.628000,4132.667,4131.942,2250,2250
2021-04-21 00:36:50.460000,4132.401,4131.745,2250,4190
2021-04-21 00:36:50.510000,4132.452,4131.754,2250,2250
2021-04-21 00:36:54.414000,4132.454,4132.051,460,2250
2021-04-21 00:36:54.465000,4132.701,4132.042,2250,2250
2021-04-21 00:36:59.087000,4132.467,4131.745,2250,4190
2021-04-21 00:36:59.138000,4132.458,4131.733,2250,2250
2021-04-21 00:36:59.658000,4132.448,4132.099,460,2250
2021-04-21 00:36:59.708000,4132.746,4132.036,2250,2250
2021-04-21 00:37:01.420000,4132.446,4131.799,2250,4190
2021-04-21 00:37:01.470000,4132.461,4131.736,2250,2250
2021-04-21 00:37:01.582000,4132.46,4132.036,460,2250
2021-04-21 00:37:01.632000,4132.755,4132.039,2250,2250
2021-04-21 00:37:02.483000,4132.455,4131.799,2250,4190
2021-04-21 00:37:02.533000,4132.458,4131.742,2250,2250
2021-04-21 00:37:04.695000,4132.448,4132.099,460,2250
2021-04-21 00:37:04.745000,4132.761,4132.048,2250,2250
2021-04-21 00:37:07.615000,4132.467,4131.742,2250,4190
2021-04-21 00:37:07.665000,4132.464,4131.751,2250,2250
2021-04-21 00:37:50.271000,4132.258,4131.533,2250,4190
2021-04-21 00:37:50.322000,4132.246,4131.551,2250,2250
2021-04-21 00:37:59.392000,4131.952,4131.299,2250,4190
2021-04-21 00:37:59.443000,4131.955,4131.251,2250,2250
2021-04-21 00:38:01.338000,4131.749,4131.036,2250,4190
2021-04-21 00:38:01.388000,4131.761,4131.051,2250,2250
2021-04-21 00:38:16.455000,4131.763,4131.251,460,2250
2021-04-21 00:38:16.505000,4131.952,4131.233,2250,2250
2021-04-21 00:38:42.106000,4131.752,4131.042,2250,4190
2021-04-21 00:38:42.156000,4131.749,4131.045,2250,2250
2021-04-21 00:38:42.981000,4131.754,4131.245,460,2250
2021-04-21 00:38:43.031000,4131.961,4131.245,2250,2250
2021-04-21 00:38:43.140000,4131.861,4131.151,2250,4190
2021-04-21 00:38:43.191000,4131.849,4131.136,2250,2250
2021-04-21 00:38:43.302000,4131.854,4131.239,460,2250
2021-04-21 00:38:43.353000,4131.961,4131.245,2250,2250
2021-04-21 00:39:05.978000,4131.755,4131.036,2250,4190
2021-04-21 00:39:06.028000,4131.764,4131.036,2250,2250
2021-04-21 00:39:08.450000,4131.751,4131.248,460,2250
2021-04-21 00:39:08.500000,4131.955,4131.245,2250,2250
2021-04-21 00:39:08.610000,4131.846,4131.199,2250,4190
2021-04-21 00:39:08.660000,4131.858,4131.148,2250,2250
2021-04-21 00:39:09.321000,4131.854,4131.236,460,2250
2021-04-21 00:39:09.371000,4131.961,4131.236,2250,2250
2021-04-21 00:39:42.118000,4131.969,4131.599,460,2250
2021-04-21 00:39:42.168000,4132.246,4131.539,2250,2250
2021-04-21 00:39:48.931000,4132.251,4131.745,460,2250
2021-04-21 00:39:48.982000,4132.461,4131.754,2250,2250
2021-04-21 00:39:49.090000,4132.267,4131.548,2250,4190
2021-04-21 00:39:49.141000,4132.267,4131.551,2250,2250
2021-04-21 00:39:53.034000,4131.946,4131.245,2250,4190
2021-04-21 00:39:53.085000,4131.955,4131.254,2250,2250
2021-04-21 00:40:09.163000,4131.96,4131.599,460,2250
2021-04-21 00:40:09.214000,4132.258,4131.599,2250,2250
2021-04-21 00:40:12.160000,4132.203,4131.733,460,2250
2021-04-21 00:40:12.210000,4132.401,4131.745,2250,2250
2021-04-21 00:40:22.299000,4132.463,4132.033,460,2250
2021-04-21 00:40:22.349000,4132.752,4132.045,2250,2250
2021-04-21 00:40:27.230000,4132.769,4132.248,460,2250
2021-04-21 00:40:27.280000,4132.949,4132.299,2250,2250
2021-04-21 00:40:32.671000,4132.758,4132.036,2250,4190
2021-04-21 00:40:32.721000,4132.767,4132.033,2250,2250
2021-04-21 00:40:42.488000,4132.401,4131.754,2250,4190
2021-04-21 00:40:42.538000,4132.446,4131.799,2250,2250
2021-04-21 00:40:46.104000,4132.463,4131.945,460,2250
2021-04-21 00:40:46.154000,4132.664,4131.933,2250,2250
2021-04-21 00:40:47.608000,4132.603,4132.099,460,2250
2021-04-21 00:40:47.658000,4132.767,4132.036,2250,2250
2021-04-21 00:40:48.091000,4132.446,4131.754,2250,4190
2021-04-21 00:40:48.141000,4132.449,4131.739,2250,2250
2021-04-21 00:40:52.445000,4132.454,4132.042,460,2250
2021-04-21 00:40:52.496000,4132.749,4132.051,2250,2250
2021-04-21 00:41:13.275000,4132.458,4131.751,2250,4190
2021-04-21 00:41:13.325000,4132.467,4131.751,2250,2250
2021-04-21 00:41:18.325000,4132.448,4131.933,460,2250
2021-04-21 00:41:18.376000,4132.646,4131.942,2250,2250
2021-04-21 00:41:19.380000,4132.401,4131.733,2250,4190
2021-04-21 00:41:19.430000,4132.401,4131.754,2250,2250
2021-04-21 00:41:42.558000,4132.255,4131.554,2250,4190
2021-04-21 00:41:42.609000,4132.261,4131.542,2250,2250
2021-04-21 00:41:55.938000,4131.958,4131.233,2250,4190
2021-04-21 00:41:55.988000,4131.955,4131.233,2250,2250
2021-04-21 00:41:57.234000,4131.903,4131.439,460,2250
2021-04-21 00:41:57.285000,4132.158,4131.451,2250,2250
2021-04-21 00:41:57.393000,4131.958,4131.299,2250,4190
2021-04-21 00:41:57.443000,4131.901,4131.236,2250,2250
2021-04-21 00:42:01.644000,4131.855,4131.136,2250,4190
2021-04-21 00:42:01.694000,4131.852,4131.154,2250,2250
2021-04-21 00:42:01.804000,4131.803,4131.254,460,2250
2021-04-21 00:42:01.854000,4131.952,4131.233,2250,2250
2021-04-21 00:42:02.124000,4131.849,4131.145,2250,4190
2021-04-21 00:42:02.175000,4131.801,4131.148,2250,2250
2021-04-21 00:42:02.729000,4131.854,4131.248,460,2250
2021-04-21 00:42:02.780000,4131.952,4131.233,2250,2250
2021-04-21 00:42:03.592000,4131.701,4131.099,2250,4190
2021-04-21 00:42:03.642000,4131.749,4131.054,2250,2250
2021-04-21 00:42:07.749000,4131.76,4131.248,460,2250
2021-04-21 00:42:07.799000,4131.961,4131.299,2250,2250
2021-04-21 00:42:07.911000,4131.954,4131.533,460,2250
2021-04-21 00:42:07.961000,4132.261,4131.542,2250,2250
2021-04-21 00:42:38.008000,4132.263,4131.736,460,2250
2021-04-21 00:42:38.059000,4132.401,4131.733,2250,2250
2021-04-21 00:42:49.296000,4132.201,4131.545,2250,4190
2021-04-21 00:42:49.346000,4132.255,4131.542,2250,2250
2021-04-21 00:42:58.144000,4131.955,4131.242,2250,4190
2021-04-21 00:42:58.195000,4131.964,4131.239,2250,2250
2021-04-21 00:43:00.027000,4131.954,4131.533,460,2250
2021-04-21 00:43:00.077000,4132.267,4131.536,2250,2250
2021-04-21 00:43:35.348000,4132.254,4131.654,460,2250
2021-04-21 00:43:35.398000,4132.301,4131.651,2250,2250
2021-04-21 00:43:35.512000,4132.261,4131.533,2250,4190
2021-04-21 00:43:35.562000,4132.264,4131.551,2250,2250
2021-04-21 00:43:38.518000,4132.203,4131.645,460,2250
2021-04-21 00:43:38.569000,4132.361,4131.639,2250,2250
2021-04-21 00:43:38.810000,4132.264,4131.554,2250,4190
2021-04-21 00:43:38.860000,4132.267,4131.545,2250,2250
2021-04-21 00:43:46.810000,4132.269,4131.736,460,2250
2021-04-21 00:43:46.861000,4132.467,4131.751,2250,2250
2021-04-21 00:43:52.406000,4132.267,4131.551,2250,4190
2021-04-21 00:43:52.457000,4132.246,4131.542,2250,2250
2021-04-21 00:43:52.728000,4132.203,4131.733,460,2250
2021-04-21 00:43:52.778000,4132.401,4131.745,2250,2250
2021-04-21 00:44:21.006000,4132.463,4132.039,460,2250
2021-04-21 00:44:21.057000,4132.758,4132.039,2250,2250
2021-04-21 00:44:28.867000,4132.446,4131.745,2250,4190
2021-04-21 00:44:28.917000,4132.458,4131.799,2250,2250
2021-04-21 00:44:37.172000,4132.466,4132.042,460,2250
2021-04-21 00:44:37.222000,4132.761,4132.036,2250,2250
2021-04-21 00:44:41.172000,4132.455,4131.745,2250,4190
2021-04-21 00:44:41.223000,4132.467,4131.751,2250,2250
2021-04-21 00:44:57.581000,4132.258,4131.536,2250,4190
2021-04-21 00:44:57.632000,4132.246,4131.542,2250,2250
2021-04-21 00:45:01.536000,4131.964,4131.299,2250,4190
2021-04-21 00:45:01.586000,4131.964,4131.254,2250,2250
2021-04-21 00:45:01.698000,4131.758,4131.051,2250,4190
2021-04-21 00:45:01.748000,4131.764,4131.042,2250,2250
2021-04-21 00:45:28.716000,4131.458,4130.739,2250,4190
2021-04-21 00:45:28.767000,4131.461,4130.736,2250,2250
2021-04-21 00:45:37.315000,4131.46,4131.099,460,2250
2021-04-21 00:45:37.365000,4131.764,4131.054,2250,2250
2021-04-21 00:45:38.089000,4131.401,4130.799,2250,4190
2021-04-21 00:45:38.140000,4131.449,4130.745,2250,2250
2021-04-21 00:45:40.267000,4131.258,4130.548,2250,4190
2021-04-21 00:45:40.318000,4131.261,4130.533,2250,2250
2021-04-21 00:45:40.908000,4131.263,4130.748,460,2250
2021-04-21 00:45:40.959000,4131.455,4130.745,2250,2250
2021-04-21 00:45:41.868000,4131.255,4130.554,2250,4190
2021-04-21 00:45:41.919000,4131.246,4130.536,2250,2250
2021-04-21 00:45:44.235000,4131.254,4130.739,460,2250
2021-04-21 00:45:44.286000,4131.467,4130.799,2250,2250
2021-04-21 00:45:50.136000,4131.767,4131.051,2250,2250
2021-04-21 00:46:27.500000,4131.464,4130.736,2250,4190
2021-04-21 00:46:27.550000,4131.455,4130.733,2250,2250
2021-04-21 00:46:27.983000,4131.469,4131.042,460,2250
2021-04-21 00:46:28.033000,4131.746,4131.042,2250,2250
2021-04-21 00:46:34.147000,4131.452,4130.751,2250,4190
2021-04-21 00:46:34.197000,4131.449,4130.733,2250,2250
2021-04-21 00:46:44.753000,4131.255,4130.599,2250,4190
2021-04-21 00:46:44.803000,4131.246,4130.545,2250,2250
2021-04-21 00:46:51.488000,4130.961,4130.233,2250,4190
2021-04-21 00:46:51.539000,4130.949,4130.245,2250,2250
2021-04-21 00:46:53.359000,4130.963,4130.542,460,2250
2021-04-21 00:46:53.410000,4131.201,4130.539,2250,2250
2021-04-21 00:46:56.590000,4131.251,4130.739,460,2250
2021-04-21 00:46:56.640000,4131.464,4130.751,2250,2250
2021-04-21 00:47:00.343000,4131.466,4131.054,460,2250
2021-04-21 00:47:00.393000,4131.767,4131.033,2250,2250
2021-04-21 00:47:03.292000,4131.76,4131.254,460,2250
2021-04-21 00:47:03.342000,4131.952,4131.299,2250,2250
2021-04-21 00:47:25.011000,4131.957,4131.545,460,2250
2021-04-21 00:47:25.062000,4132.264,4131.599,2250,2250
2021-04-21 00:47:27.822000,4131.946,4131.245,2250,4190
2021-04-21 00:47:27.872000,4131.964,4131.248,2250,2250
2021-04-21 00:47:27.970000,4131.948,4131.542,460,2250
2021-04-21 00:47:28.020000,4132.264,4131.548,2250,2250
2021-04-21 00:47:29.490000,4131.901,4131.236,2250,4190
2021-04-21 00:47:29.540000,4131.958,4131.245,2250,2250
2021-04-21 00:47:33.512000,4131.951,4131.554,460,2250
2021-04-21 00:47:33.562000,4132.246,4131.539,2250,2250
2021-04-21 00:47:35.923000,4131.949,4131.233,2250,4190
2021-04-21 00:47:35.974000,4131.901,4131.248,2250,2250
2021-04-21 00:47:36.345000,4131.951,4131.533,460,2250
2021-04-21 00:47:36.395000,4132.258,4131.545,2250,2250
2021-04-21 00:47:57.745000,4131.96,4131.599,460,2250
2021-04-21 00:47:57.795000,4131.901,4131.242,2250,2250
2021-04-21 00:48:12.156000,4131.96,4131.539,460,2250
2021-04-21 00:48:12.207000,4132.255,4131.545,2250,2250
2021-04-21 00:48:49.297000,4131.961,4131.245,2250,4190
2021-04-21 00:48:49.348000,4131.949,4131.251,2250,2250
2021-04-21 00:48:50.770000,4131.96,4131.599,460,2250
2021-04-21 00:48:50.820000,4132.249,4131.551,2250,2250
2021-04-21 00:48:55.599000,4132.248,4131.739,460,2250
2021-04-21 00:48:55.650000,4132.452,4131.742,2250,2250
2021-04-21 00:49:02.024000,4132.267,4131.548,2250,4190
2021-04-21 00:49:02.074000,4132.201,4131.533,2250,2250
2021-04-21 00:49:02.506000,4132.263,4131.742,460,2250
2021-04-21 00:49:02.556000,4132.464,4131.754,2250,2250
2021-04-21 00:49:04.980000,4132.252,4131.536,2250,4190
2021-04-21 00:49:05.031000,4132.249,4131.536,2250,2250
2021-04-21 00:49:09.251000,4131.958,4131.248,2250,4190
2021-04-21 00:49:09.301000,4131.964,4131.299,2250,2250
2021-04-21 00:49:09.846000,4131.749,4131.042,2250,4190
2021-04-21 00:49:09.896000,4131.761,4131.042,2250,2250
2021-04-21 00:49:18.417000,4131.446,4130.739,2250,4190
2021-04-21 00:49:18.468000,4131.452,4130.748,2250,2250
2021-04-21 00:49:26.593000,4131.451,4131.039,460,2250
2021-04-21 00:49:26.643000,4131.752,4131.042,2250,2250
2021-04-21 00:49:28.088000,4131.446,4130.751,2250,4190
2021-04-21 00:49:28.139000,4131.401,4130.751,2250,2250
2021-04-21 00:49:29.502000,4131.752,4131.048,2250,2250
2021-04-21 00:49:38.322000,4131.458,4130.799,2250,4190
2021-04-21 00:49:38.372000,4131.464,4130.799,2250,2250
2021-04-21 00:49:40.507000,4131.463,4131.099,460,2250
2021-04-21 00:49:40.557000,4131.764,4131.042,2250,2250
2021-04-21 00:49:54.138000,4131.446,4130.745,2250,4190
2021-04-21 00:49:54.188000,4131.455,4130.748,2250,2250
2021-04-21 00:49:56.744000,4131.261,4130.539,2250,4190
2021-04-21 00:49:56.794000,4131.261,4130.554,2250,2250
2021-04-21 00:50:01.257000,4131.458,4130.745,2250,2250
2021-04-21 00:50:01.922000,4131.364,4130.651,2250,4190
2021-04-21 00:50:01.972000,4131.355,4130.654,2250,2250
2021-04-21 00:50:02.087000,4131.246,4130.548,2250,4190
2021-04-21 00:50:02.137000,4131.264,4130.599,2250,2250
2021-04-21 00:50:09.493000,4130.946,4130.233,2250,4190
2021-04-21 00:50:09.543000,4130.955,4130.251,2250,2250
2021-04-21 00:50:12.236000,4130.969,4130.542,460,2250
2021-04-21 00:50:12.287000,4131.258,4130.533,2250,2250
2021-04-21 00:50:12.730000,4130.955,4130.251,2250,4190
2021-04-21 00:50:12.781000,4130.949,4130.239,2250,2250
2021-04-21 00:50:14.890000,4130.755,4130.042,2250,4190
2021-04-21 00:50:14.940000,4130.752,4130.042,2250,2250
2021-04-21 00:50:16.514000,4130.748,4130.248,460,2250
2021-04-21 00:50:16.564000,4130.961,4130.236,2250,2250
2021-04-21 00:50:17.157000,4130.746,4130.033,2250,4190
2021-04-21 00:50:17.207000,4130.752,4130.048,2250,2250
2021-04-21 00:50:17.317000,4130.769,4130.239,460,2250
2021-04-21 00:50:17.367000,4130.961,4130.236,2250,2250
2021-04-21 00:50:18.535000,4130.901,4130.239,2250,4190
2021-04-21 00:50:18.586000,4131.246,4130.551,2250,2250
2021-04-21 00:50:22.032000,4131.263,4130.736,460,2250
2021-04-21 00:50:22.082000,4131.455,4130.733,2250,2250
2021-04-21 00:50:23.455000,4131.466,4131.033,460,2250
2021-04-21 00:50:23.505000,4131.761,4131.042,2250,2250
2021-04-21 00:50:23.615000,4131.649,4130.954,2250,4190
2021-04-21 00:50:23.666000,4131.601,4130.951,2250,2250
2021-04-21 00:50:24.380000,4131.455,4130.733,2250,4190
2021-04-21 00:50:24.431000,4131.449,4130.799,2250,2250
2021-04-21 00:50:27.806000,4131.466,4131.033,460,2250
2021-04-21 00:50:27.856000,4131.764,4131.048,2250,2250
2021-04-21 00:50:27.967000,4131.467,4130.736,2250,4190
2021-04-21 00:50:28.017000,4131.458,4130.754,2250,2250
2021-04-21 00:50:28.126000,4131.466,4131.054,460,2250
2021-04-21 00:50:28.177000,4131.767,4131.036,2250,2250
2021-04-21 00:50:28.561000,4131.601,4130.945,2250,4190
2021-04-21 00:50:28.611000,4131.667,4130.936,2250,2250
2021-04-21 00:50:29.700000,4131.648,4131.039,460,2250
2021-04-21 00:50:29.750000,4131.755,4131.051,2250,2250
2021-04-21 00:50:33.692000,4131.455,4130.733,2250,4190
2021-04-21 00:50:33.743000,4131.464,4130.745,2250,2250
2021-04-21 00:50:36.220000,4131.261,4130.539,2250,4190
2021-04-21 00:50:36.271000,4131.255,4130.542,2250,2250
2021-04-21 00:50:37.661000,4131.158,4130.436,2250,4190
2021-04-21 00:50:37.711000,4131.155,4130.442,2250,2250
2021-04-21 00:50:37.820000,4131.164,4130.454,2250,4190
2021-04-21 00:50:37.870000,4131.252,4130.536,2250,2250
2021-04-21 00:50:38.148000,4131.149,4130.448,2250,4190
2021-04-21 00:50:38.198000,4131.161,4130.433,2250,2250
2021-04-21 00:50:38.593000,4130.955,4130.299,2250,4190
2021-04-21 00:50:38.644000,4130.946,4130.245,2250,2250
2021-04-21 00:50:50.594000,4130.969,4130.542,460,2250
2021-04-21 00:50:50.644000,4131.258,4130.551,2250,2250
2021-04-21 00:50:52.617000,4130.961,4130.239,2250,4190
2021-04-21 00:50:52.667000,4130.958,4130.245,2250,2250
2021-04-21 00:51:14.316000,4130.969,4130.445,460,2250
2021-04-21 00:51:14.367000,4131.149,4130.499,2250,2250
2021-04-21 00:51:14.658000,4130.901,4130.254,2250,4190
2021-04-21 00:51:14.709000,4130.949,4130.239,2250,2250
2021-04-21 00:51:20.337000,4130.948,4130.436,460,2250
2021-04-21 00:51:20.387000,4131.152,4130.436,2250,2250
2021-04-21 00:51:20.498000,4131.154,4130.533,460,2250
2021-04-21 00:51:20.549000,4131.252,4130.551,2250,2250
2021-04-21 00:51:24.183000,4131.266,4130.736,460,2250
2021-04-21 00:51:24.233000,4131.401,4130.733,2250,2250
2021-04-21 00:51:24.663000,4131.249,4130.545,2250,4190
2021-04-21 00:51:24.713000,4131.201,4130.551,2250,2250
2021-04-21 00:51:27.272000,4131.251,4130.651,460,2250
2021-04-21 00:51:27.323000,4131.361,4130.642,2250,2250
2021-04-21 00:51:27.753000,4131.461,4130.751,2250,2250
2021-04-21 00:51:41.549000,4131.364,4130.651,2250,4190
2021-04-21 00:51:41.603000,4131.355,4130.651,2250,2250
2021-04-21 00:51:41.713000,4131.369,4130.742,460,2250
2021-04-21 00:51:41.763000,4131.464,4130.742,2250,2250
2021-04-21 00:52:02.032000,4131.463,4131.048,460,2250
2021-04-21 00:52:02.083000,4131.746,4131.033,2250,2250
2021-04-21 00:52:41.547000,4131.703,4131.236,460,2250
2021-04-21 00:52:41.598000,4131.901,4131.236,2250,2250
2021-04-21 00:52:49.651000,4131.855,4131.154,2250,4190
2021-04-21 00:52:49.701000,4131.861,4131.133,2250,2250
2021-04-21 00:52:49.990000,4131.869,4131.239,460,2250
2021-04-21 00:52:50.041000,4131.958,4131.236,2250,2250
2021-04-21 00:53:13.363000,4132.261,4131.542,2250,2250
2021-04-21 00:53:14.217000,4132.167,4131.451,2250,4190
2021-04-21 00:53:14.268000,4132.146,4131.442,2250,2250
2021-04-21 00:53:15.783000,4132.16,4131.554,460,2250
2021-04-21 00:53:15.834000,4132.258,4131.536,2250,2250
2021-04-21 00:53:20.475000,4131.967,4131.248,2250,4190
2021-04-21 00:53:20.526000,4131.961,4131.236,2250,2250
2021-04-21 00:53:25.102000,4131.951,4131.548,460,2250
2021-04-21 00:53:25.153000,4132.252,4131.542,2250,2250
2021-04-21 00:53:27.976000,4132.152,4131.499,2250,4190
2021-04-21 00:53:28.027000,4132.167,4131.445,2250,2250
2021-04-21 00:53:28.128000,4131.952,4131.242,2250,4190
2021-04-21 00:53:28.178000,4131.901,4131.254,2250,2250
2021-04-21 00:53:28.287000,4131.963,4131.433,460,2250
2021-04-21 00:53:28.338000,4132.161,4131.499,2250,2250
2021-04-21 00:53:28.887000,4131.949,4131.233,2250,4190
2021-04-21 00:53:28.938000,4131.964,4131.236,2250,2250
2021-04-21 00:53:43.752000,4131.767,4131.042,2250,4190
2021-04-21 00:53:43.802000,4131.752,4131.045,2250,2250
2021-04-21 00:53:53.360000,4131.661,4130.945,2250,4190
2021-04-21 00:53:53.410000,4131.652,4130.939,2250,2250
2021-04-21 00:53:53.567000,4131.764,4131.033,2250,2250
2021-04-21 00:54:03.254000,4131.757,4131.248,460,2250
2021-04-21 00:54:03.305000,4131.964,4131.233,2250,2250
2021-04-21 00:54:32.642000,4131.767,4131.099,2250,4190
2021-04-21 00:54:32.692000,4131.764,4131.048,2250,2250
2021-04-21 00:54:35.460000,4131.757,4131.254,460,2250
2021-04-21 00:54:35.510000,4131.952,4131.251,2250,2250
2021-04-21 00:54:36.015000,4131.764,4131.033,2250,4190
2021-04-21 00:54:36.065000,4131.761,4131.048,2250,2250
2021-04-21 00:54:51.513000,4131.467,4130.751,2250,4190
2021-04-21 00:54:51.564000,4131.464,4130.745,2250,2250
2021-04-21 00:55:02.509000,4131.451,4131.051,460,2250
2021-04-21 00:55:02.559000,4131.749,4131.039,2250,2250
2021-04-21 00:55:06.782000,4131.754,4131.242,460,2250
2021-04-21 00:55:06.832000,4131.901,4131.242,2250,2250
2021-04-21 00:55:10.216000,4131.954,4131.554,460,2250
2021-04-21 00:55:10.266000,4132.267,4131.533,2250,2250
2021-04-21 00:55:10.377000,4131.955,4131.236,2250,4190
2021-04-21 00:55:10.427000,4131.958,4131.251,2250,2250
2021-04-21 00:55:23.431000,4131.761,4131.039,2250,4190
2021-04-21 00:55:23.482000,4131.746,4131.039,2250,2250
2021-04-21 00:55:23.914000,4131.757,4131.242,460,2250
2021-04-21 00:55:23.964000,4131.958,4131.236,2250,2250
2021-04-21 00:55:36.029000,4131.752,4131.099,2250,4190
2021-04-21 00:55:36.080000,4131.755,4131.033,2250,2250
2021-04-21 00:55:39.980000,4131.763,4131.239,460,2250
2021-04-21 00:55:40.031000,4131.964,4131.233,2250,2250
2021-04-21 00:55:53.474000,4131.746,4131.036,2250,4190
2021-04-21 00:55:53.524000,4131.752,4131.039,2250,2250
2021-04-21 00:55:56.496000,4131.748,4131.239,460,2250
2021-04-21 00:55:56.546000,4131.961,4131.242,2250,2250
2021-04-21 00:56:02.195000,4131.761,4131.045,2250,4190
2021-04-21 00:56:02.246000,4131.749,4131.042,2250,2250
2021-04-21 00:56:07.688000,4131.448,4131.039,460,2250
2021-04-21 00:56:07.739000,4131.467,4130.736,2250,2250
2021-04-21 00:56:10.987000,4131.469,4131.033,460,2250
2021-04-21 00:56:11.037000,4131.767,4131.048,2250,2250
2021-04-21 00:56:12.639000,4131.461,4130.739,2250,4190
2021-04-21 00:56:12.689000,4131.458,4130.745,2250,2250
2021-04-21 00:56:28.537000,4131.454,4131.033,460,2250
2021-04-21 00:56:28.587000,4131.701,4131.039,2250,2250
2021-04-21 00:56:29.999000,4131.446,4130.799,2250,4190
2021-04-21 00:56:30.049000,4131.461,4130.733,2250,2250
2021-04-21 00:56:48.054000,4131.257,4130.733,460,2250
2021-04-21 00:56:48.104000,4131.267,4130.536,2250,2250
2021-04-21 00:56:48.794000,4130.964,4130.242,2250,4190
2021-04-21 00:56:48.844000,4130.961,4130.233,2250,2250
2021-04-21 00:57:00.093000,4131.249,4130.545,2250,2250
2021-04-21 00:57:01.077000,4131.464,4130.739,2250,2250
2021-04-21 00:57:03.996000,4131.201,4130.554,2250,4190
2021-04-21 00:57:04.046000,4131.246,4130.554,2250,2250
2021-04-21 00:57:04.615000,4131.266,4130.736,460,2250
2021-04-21 00:57:04.665000,4131.458,4130.742,2250,2250
2021-04-21 00:57:27.112000,4131.267,4130.536,2250,4190
2021-04-21 00:57:27.162000,4131.267,4130.533,2250,2250
2021-04-21 00:57:34.217000,4130.958,4130.254,2250,4190
2021-04-21 00:57:34.268000,4130.955,4130.236,2250,2250
2021-04-21 00:57:38.468000,4130.758,4130.045,2250,4190
2021-04-21 00:57:38.518000,4130.749,4130.033,2250,2250
2021-04-21 00:57:47.968000,4130.455,4129.748,2250,4190
2021-04-21 00:57:48.019000,4130.455,4129.799,2250,2250
2021-04-21 00:57:53.479000,4130.454,4130.051,460,2250
2021-04-21 00:57:53.529000,4130.752,4130.042,2250,2250
2021-04-21 00:57:53.640000,4130.446,4129.745,2250,4190
2021-04-21 00:57:53.691000,4130.446,4129.736,2250,2250
2021-04-21 00:57:54.119000,4130.469,4130.039,460,2250
2021-04-21 00:57:54.170000,4130.746,4130.045,2250,2250
2021-04-21 00:57:54.438000,4130.667,4129.936,2250,4190
2021-04-21 00:57:54.488000,4130.667,4129.948,2250,2250
2021-04-21 00:57:55.753000,4130.663,4130.033,460,2250
2021-04-21 00:57:55.803000,4130.767,4130.036,2250,2250
2021-04-21 00:58:06.835000,4130.757,4130.233,460,2250
2021-04-21 00:58:06.885000,4130.901,4130.239,2250,2250
2021-04-21 00:58:07.010000,4130.746,4130.051,2250,4190
2021-04-21 00:58:07.061000,4130.764,4130.036,2250,2250
2021-04-21 00:58:18.960000,4130.461,4129.736,2250,4190
2021-04-21 00:58:19.011000,4130.455,4129.748,2250,2250
2021-04-21 00:58:49.194000,4130.466,4130.039,460,2250
2021-04-21 00:58:49.244000,4130.761,4130.048,2250,2250
2021-04-21 00:59:34.509000,4130.754,4130.299,460,2250
2021-04-21 00:59:34.656000,4130.952,4130.254,2250,2250
2021-04-21 00:59:38.919000,4130.701,4130.033,2250,4190
2021-04-21 00:59:38.969000,4130.761,4130.054,2250,2250
2021-04-21 00:59:56.157000,4130.703,4130.233,460,2250
2021-04-21 00:59:56.207000,4130.949,4130.233,2250,2250
2021-04-21 01:00:02.884000,4130.966,4130.539,460,2250
2021-04-21 01:00:02.934000,4131.252,4130.551,2250,2250
2021-04-21 01:00:09.607000,4130.746,4130.042,2250,4190
2021-04-21 01:00:09.657000,4130.761,4130.045,2250,2250
2021-04-21 01:00:11.204000,4130.455,4129.733,2250,4190
2021-04-21 01:00:11.254000,4130.458,4129.799,2250,2250
2021-04-21 01:00:24.669000,4130.463,4130.045,460,2250
2021-04-21 01:00:24.719000,4130.767,4130.099,2250,2250
2021-04-21 01:00:28.186000,4130.703,4130.254,460,2250
2021-04-21 01:00:28.236000,4130.958,4130.251,2250,2250
2021-04-21 01:00:31.096000,4130.966,4130.542,460,2250
2021-04-21 01:00:31.146000,4131.261,4130.551,2250,2250
2021-04-21 01:00:33.469000,4131.248,4130.742,460,2250
2021-04-21 01:00:33.519000,4131.467,4130.736,2250,2250
2021-04-21 01:00:35.319000,4131.249,4130.545,2250,4190
2021-04-21 01:00:35.369000,4131.261,4130.554,2250,2250
2021-04-21 01:00:37.341000,4131.101,4130.445,2250,4190
2021-04-21 01:00:37.392000,4131.155,4130.436,2250,2250
2021-04-21 01:00:38.013000,4131.16,4130.533,460,2250
2021-04-21 01:00:38.064000,4131.264,4130.542,2250,2250
2021-04-21 01:00:50.522000,4131.254,4130.733,460,2250
2021-04-21 01:00:50.572000,4131.452,4130.799,2250,2250
2021-04-21 01:00:52.061000,4131.249,4130.533,2250,4190
2021-04-21 01:00:52.111000,4131.255,4130.548,2250,2250
2021-04-21 01:01:01.350000,4130.946,4130.239,2250,4190
2021-04-21 01:01:01.401000,4130.958,4130.245,2250,2250
2021-04-21 01:01:04.951000,4130.752,4130.054,2250,4190
2021-04-21 01:01:05.001000,4130.701,4130.042,2250,2250
2021-04-21 01:01:22.332000,4130.455,4129.736,2250,4190
2021-04-21 01:01:22.382000,4130.455,4129.733,2250,2250
2021-04-21 01:01:56.505000,4130.258,4129.548,2250,4190
2021-04-21 01:01:56.555000,4130.264,4129.545,2250,2250
2021-04-21 01:02:02.854000,4130.167,4129.454,2250,4190
2021-04-21 01:02:02.904000,4130.155,4129.454,2250,2250
2021-04-21 01:02:03.859000,4129.946,4129.245,2250,4190
2021-04-21 01:02:03.909000,4129.961,4129.251,2250,2250
2021-04-21 01:02:14.453000,4129.401,4128.742,2250,4190
2021-04-21 01:02:14.504000,4129.467,4128.751,2250,2250
2021-04-21 01:02:28.338000,4129.448,4129.048,460,2250
2021-04-21 01:02:28.388000,4129.767,4129.042,2250,2250
2021-04-21 01:02:28.930000,4129.652,4128.951,2250,4190
2021-04-21 01:02:28.980000,4129.652,4128.954,2250,2250
2021-04-21 01:02:29.420000,4129.657,4129.036,460,2250
2021-04-21 01:02:29.471000,4129.761,4129.036,2250,2250
2021-04-21 01:02:29.582000,4129.455,4128.751,2250,4190
2021-04-21 01:02:29.633000,4129.464,4128.748,2250,2250
2021-04-21 01:02:29.741000,4129.454,4128.936,460,2250
2021-04-21 01:02:29.791000,4129.601,4128.936,2250,2250
2021-04-21 01:02:30.222000,4129.467,4128.799,2250,4190
2021-04-21 01:02:30.273000,4129.458,4128.742,2250,2250
2021-04-21 01:02:30.922000,4129.403,4128.945,460,2250
2021-04-21 01:02:30.972000,4129.655,4128.954,2250,2250
2021-04-21 01:02:31.187000,4129.458,4128.748,2250,4190
2021-04-21 01:02:31.238000,4129.401,4128.748,2250,2250
2021-04-21 01:02:31.346000,4129.403,4129.054,460,2250
2021-04-21 01:02:31.396000,4129.749,4129.045,2250,2250
2021-04-21 01:02:31.665000,4129.661,4128.933,2250,4190
2021-04-21 01:02:31.715000,4129.646,4128.945,2250,2250
2021-04-21 01:02:32.005000,4129.467,4128.799,2250,4190
2021-04-21 01:02:32.055000,4129.458,4128.742,2250,2250
2021-04-21 01:02:41.109000,4129.267,4128.542,2250,4190
2021-04-21 01:02:41.248000,4129.261,4128.539,2250,2250
2021-04-21 01:02:47.786000,4128.967,4128.236,2250,4190
2021-04-21 01:02:47.837000,4128.901,4128.233,2250,2250
2021-04-21 01:02:47.945000,4128.954,4128.599,460,2250
2021-04-21 01:02:47.996000,4129.261,4128.545,2250,2250
2021-04-21 01:02:50.698000,4128.964,4128.251,2250,4190
2021-04-21 01:02:50.748000,4128.955,4128.245,2250,2250
2021-04-21 01:02:51.385000,4128.957,4128.542,460,2250
2021-04-21 01:02:51.436000,4129.255,4128.551,2250,2250
2021-04-21 01:02:52.774000,4128.955,4128.254,2250,4190
2021-04-21 01:02:52.825000,4128.946,4128.251,2250,2250
2021-04-21 01:03:04.718000,4128.957,4128.533,460,2250
2021-04-21 01:03:04.768000,4129.252,4128.599,2250,2250
2021-04-21 01:03:08.466000,4129.26,4128.736,460,2250
2021-04-21 01:03:08.516000,4129.464,4128.745,2250,2250
2021-04-21 01:03:25.505000,4129.448,4128.945,460,2250
2021-04-21 01:03:25.555000,4129.649,4128.942,2250,2250
2021-04-21 01:03:27.154000,4129.461,4128.745,2250,2250
2021-04-21 01:03:30.132000,4129.355,4128.651,2250,4190
2021-04-21 01:03:30.183000,4129.352,4128.654,2250,2250
2021-04-21 01:03:30.860000,4129.354,4128.799,460,2250
2021-04-21 01:03:30.910000,4129.467,4128.745,2250,2250
2021-04-21 01:03:31.519000,4129.352,4128.699,2250,4190
2021-04-21 01:03:31.569000,4129.349,4128.654,2250,2250
2021-04-21 01:03:33.006000,4129.255,4128.536,2250,4190
2021-04-21 01:03:33.056000,4129.249,4128.542,2250,2250
2021-04-21 01:03:37.331000,4129.269,4128.754,460,2250
2021-04-21 01:03:37.381000,4129.464,4128.736,2250,2250
2021-04-21 01:03:43.267000,4129.258,4128.536,2250,4190
2021-04-21 01:03:43.317000,4129.252,4128.554,2250,2250
2021-04-21 01:04:03.134000,4129.203,4128.754,460,2250
2021-04-21 01:04:03.184000,4129.464,4128.748,2250,2250
2021-04-21 01:04:04.545000,4129.454,4129.045,460,2250
2021-04-21 01:04:04.596000,4129.758,4129.039,2250,2250
2021-04-21 01:04:05.073000,4129.664,4128.936,2250,4190
2021-04-21 01:04:05.123000,4129.652,4128.933,2250,2250
2021-04-21 01:04:05.232000,4129.663,4129.039,460,2250
2021-04-21 01:04:05.282000,4129.758,4129.099,2250,2250
2021-04-21 01:04:08.481000,4129.661,4128.942,2250,4190
2021-04-21 01:04:08.532000,4129.646,4128.948,2250,2250
2021-04-21 01:04:09.027000,4129.666,4129.039,460,2250
2021-04-21 01:04:09.077000,4129.761,4129.051,2250,2250
2021-04-21 01:04:15.737000,4129.754,4129.233,460,2250
2021-04-21 01:04:15.787000,4129.946,4129.242,2250,2250
2021-04-21 01:04:16.051000,4129.867,4129.148,2250,4190
2021-04-21 01:04:16.101000,4129.858,4129.199,2250,2250
2021-04-21 01:04:16.209000,4129.701,4129.054,2250,4190
2021-04-21 01:04:16.260000,4129.749,4129.099,2250,2250
2021-04-21 01:04:29.485000,4129.751,4129.248,460,2250
2021-04-21 01:04:29.536000,4129.949,4129.239,2250,2250
2021-04-21 01:04:29.992000,4129.752,4129.054,2250,4190
2021-04-21 01:04:30.042000,4129.767,4129.036,2250,2250
2021-04-21 01:05:17.858000,4129.767,4129.099,2250,4190
2021-04-21 01:05:17.908000,4129.949,4129.251,2250,2250
2021-04-21 01:05:19.961000,4129.963,4129.599,460,2250
2021-04-21 01:05:20.011000,4130.255,4129.551,2250,2250
2021-04-21 01:05:20.122000,4129.967,4129.239,2250,4190
2021-04-21 01:05:20.172000,4129.901,4129.233,2250,2250
2021-04-21 01:05:21.222000,4129.755,4129.033,2250,4190
2021-04-21 01:05:21.272000,4129.767,4129.039,2250,2250
2021-04-21 01:05:27.595000,4129.452,4128.742,2250,4190
2021-04-21 01:05:27.645000,4129.464,4128.733,2250,2250
2021-04-21 01:05:34.356000,4129.258,4128.599,2250,4190
2021-04-21 01:05:34.406000,4129.246,4128.545,2250,2250
2021-04-21 01:05:37.631000,4129.257,4128.736,460,2250
2021-04-21 01:05:37.681000,4129.449,4128.733,2250,2250
2021-04-21 01:05:39.436000,4129.267,4128.554,2250,4190
2021-04-21 01:05:39.487000,4129.267,4128.554,2250,2250
2021-04-21 01:05:53.409000,4129.26,4128.799,460,2250
2021-04-21 01:05:53.459000,4129.401,4128.742,2250,2250
2021-04-21 01:05:58.119000,4129.454,4129.036,460,2250
2021-04-21 01:05:58.170000,4129.749,4129.036,2250,2250
2021-04-21 01:05:58.765000,4129.446,4128.748,2250,4190
2021-04-21 01:05:58.816000,4129.461,4128.742,2250,2250
2021-04-21 01:05:59.497000,4129.451,4129.036,460,2250
2021-04-21 01:05:59.547000,4129.761,4129.054,2250,2250
2021-04-21 01:06:03.500000,4129.46,4129.099,460,2250
2021-04-21 01:06:03.550000,4129.455,4128.799,2250,2250
2021-04-21 01:06:06.646000,4129.469,4129.033,460,2250
2021-04-21 01:06:06.696000,4129.701,4129.048,2250,2250
2021-04-21 01:06:08.120000,4129.464,4128.748,2250,4190
2021-04-21 01:06:08.170000,4129.446,4128.799,2250,2250
2021-04-21 01:06:08.283000,4129.466,4129.039,460,2250
2021-04-21 01:06:08.333000,4129.758,4129.036,2250,2250
2021-04-21 01:06:19.087000,4129.748,4129.236,460,2250
2021-04-21 01:06:19.137000,4129.961,4129.299,2250,2250
2021-04-21 01:06:19.259000,4129.903,4129.554,460,2250
2021-04-21 01:06:19.310000,4130.246,4129.548,2250,2250
2021-04-21 01:06:19.565000,4130.161,4129.436,2250,4190
2021-04-21 01:06:19.615000,4130.101,4129.499,2250,2250
2021-04-21 01:06:19.726000,4129.901,4129.251,2250,4190
2021-04-21 01:06:19.777000,4129.946,4129.251,2250,2250
2021-04-21 01:06:20.116000,4129.969,4129.439,460,2250
2021-04-21 01:06:20.166000,4130.161,4129.439,2250,2250
2021-04-21 01:06:20.275000,4130.157,4129.554,460,2250
2021-04-21 01:06:20.326000,4130.255,4129.542,2250,2250
2021-04-21 01:06:20.682000,4129.964,4129.245,2250,4190
2021-04-21 01:06:20.733000,4129.901,4129.233,2250,2250
2021-04-21 01:06:21.466000,4129.901,4129.242,2250,4190
2021-04-21 01:06:21.516000,4130.146,4129.454,2250,2250
2021-04-21 01:06:21.726000,4129.946,4129.239,2250,4190
2021-04-21 01:06:21.776000,4129.946,4129.245,2250,2250
2021-04-21 01:06:22.048000,4129.96,4129.533,460,2250
2021-04-21 01:06:22.099000,4130.201,4129.542,2250,2250
2021-04-21 01:06:22.209000,4129.946,4129.251,2250,4190
2021-04-21 01:06:22.259000,4129.952,4129.251,2250,2250
2021-04-21 01:06:27.755000,4129.703,4129.242,460,2250
2021-04-21 01:06:27.806000,4129.764,4129.036,2250,2250
2021-04-21 01:06:27.912000,4129.769,4129.242,460,2250
2021-04-21 01:06:27.962000,4129.964,4129.242,2250,2250
2021-04-21 01:06:32.158000,4129.767,4129.042,2250,4190
2021-04-21 01:06:32.208000,4129.761,4129.048,2250,2250
2021-04-21 01:06:43.274000,4129.763,4129.251,460,2250
2021-04-21 01:06:43.325000,4129.949,4129.239,2250,2250
2021-04-21 01:06:44.734000,4129.754,4129.239,460,2250
2021-04-21 01:06:44.785000,4129.749,4129.054,2250,2250
2021-04-21 01:06:52.277000,4129.757,4129.136,460,2250
2021-04-21 01:06:52.328000,4129.861,4129.151,2250,2250
2021-04-21 01:06:52.966000,4129.758,4129.033,2250,4190
2021-04-21 01:06:53.016000,4129.764,4129.039,2250,2250
2021-04-21 01:06:57.091000,4129.767,4129.099,2250,4190
2021-04-21 01:06:57.142000,4129.949,4129.242,2250,2250
2021-04-21 01:06:58.934000,4129.966,4129.548,460,2250
2021-04-21 01:06:58.984000,4130.252,4129.551,2250,2250
2021-04-21 01:06:59.258000,4129.964,4129.251,2250,4190
2021-04-21 01:06:59.309000,4129.955,4129.299,2250,2250
2021-04-21 01:07:06.937000,4129.749,4129.099,2250,4190
2021-04-21 01:07:06.987000,4129.746,4129.048,2250,2250
2021-04-21 01:07:13.741000,4129.757,4129.151,460,2250
2021-04-21 01:07:13.792000,4129.846,4129.136,2250,2250
2021-04-21 01:07:14.736000,4129.746,4129.054,2250,4190
2021-04-21 01:07:14.787000,4129.746,4129.039,2250,2250
2021-04-21 01:07:28.403000,4129.461,4128.799,2250,4190
2021-04-21 01:07:28.453000,4129.449,4128.745,2250,2250
2021-04-21 01:07:31.440000,4129.255,4128.539,2250,4190
2021-04-21 01:07:31.490000,4129.255,4128.539,2250,2250
2021-04-21 01:07:46.665000,4129.203,4128.754,460,2250
2021-04-21 01:07:46.716000,4129.458,4128.754,2250,2250
2021-04-21 01:07:46.825000,4129.246,4128.548,2250,4190
2021-04-21 01:07:46.875000,4129.201,4128.542,2250,2250
2021-04-21 01:07:48.587000,4129.269,4128.748,460,2250
2021-04-21 01:07:48.638000,4129.461,4128.751,2250,2250
2021-04-21 01:07:57.251000,4129.46,4129.099,460,2250
2021-04-21 01:07:57.301000,4129.767,4129.054,2250,2250
2021-04-21 01:07:58.147000,4129.446,4128.742,2250,4190
2021-04-21 01:07:58.197000,4129.446,4128.748,2250,2250
2021-04-21 01:07:58.628000,4129.349,4128.636,2250,4190
2021-04-21 01:07:58.679000,4129.346,4128.645,2250,2250
2021-04-21 01:08:02.181000,4129.264,4128.599,2250,4190
2021-04-21 01:08:02.232000,4129.255,4128.542,2250,2250
2021-04-21 01:08:06.284000,4129.248,4128.739,460,2250
2021-04-21 01:08:06.334000,4129.455,4128.748,2250,2250
2021-04-21 01:08:17.151000,4129.448,4129.048,460,2250
2021-04-21 01:08:17.202000,4129.701,4129.042,2250,2250
2021-04-21 01:08:34.978000,4129.455,4128.733,2250,4190
2021-04-21 01:08:35.028000,4129.449,4128.754,2250,2250
2021-04-21 01:08:43.227000,4129.454,4129.048,460,2250
2021-04-21 01:08:43.277000,4129.758,4129.039,2250,2250
2021-04-21 01:08:44.005000,4129.652,4128.999,2250,4190
2021-04-21 01:08:44.055000,4129.601,4128.942,2250,2250
2021-04-21 01:08:44.347000,4129.455,4128.742,2250,4190
2021-04-21 01:08:44.398000,4129.464,4128.754,2250,2250
2021-04-21 01:08:46.466000,4129.752,4129.042,2250,2250
2021-04-21 01:08:52.001000,4129.461,4128.799,2250,4190
2021-04-21 01:08:52.051000,4129.458,4128.739,2250,2250
2021-04-21 01:08:57.362000,4129.451,4129.048,460,2250
2021-04-21 01:08:57.412000,4129.755,4129.054,2250,2250
2021-04-21 01:08:57.954000,4129.401,4128.736,2250,4190
2021-04-21 01:08:58.004000,4129.455,4128.751,2250,2250
2021-04-21 01:09:01.147000,4129.454,4128.951,460,2250
2021-04-21 01:09:01.198000,4129.649,4128.936,2250,2250
2021-04-21 01:09:01.371000,4129.461,4128.745,2250,4190
2021-04-21 01:09:01.421000,4129.458,4128.754,2250,2250
2021-04-21 01:09:07.582000,4129.767,4129.045,2250,2250
2021-04-21 01:09:11.856000,4129.452,4128.742,2250,4190
2021-04-21 01:09:11.906000,4129.467,4128.754,2250,2250
2021-04-21 01:09:14.494000,4129.46,4129.048,460,2250
2021-04-21 01:09:14.545000,4129.746,4129.045,2250,2250
2021-04-21 01:09:19.889000,4129.446,4128.748,2250,4190
2021-04-21 01:09:19.939000,4129.449,4128.736,2250,2250
2021-04-21 01:09:21.998000,4129.451,4129.033,460,2250
2021-04-21 01:09:22.049000,4129.752,4129.099,2250,2250
2021-04-21 01:09:25.755000,4129.769,4129.254,460,2250
2021-04-21 01:09:25.805000,4129.961,4129.251,2250,2250
2021-04-21 01:09:28.763000,4129.758,4129.045,2250,4190
2021-04-21 01:09:28.813000,4129.758,4129.051,2250,2250
2021-04-21 01:09:49.880000,4129.458,4128.748,2250,4190
2021-04-21 01:09:49.931000,4129.461,4128.754,2250,2250
2021-04-21 01:09:50.041000,4129.454,4129.054,460,2250
2021-04-21 01:09:50.091000,4129.749,4129.039,2250,2250
2021-04-21 01:09:58.745000,4129.763,4129.248,460,2250
2021-04-21 01:09:58.796000,4129.964,4129.248,2250,2250
2021-04-21 01:09:59.070000,4129.701,4129.051,2250,4190
2021-04-21 01:09:59.121000,4129.758,4129.045,2250,2250
2021-04-21 01:10:02.364000,4129.464,4128.739,2250,2250
2021-04-21 01:10:08.005000,4129.249,4128.533,2250,4190
2021-04-21 01:10:08.055000,4129.201,4128.548,2250,2250
2021-04-21 01:10:14.964000,4128.964,4128.299,2250,4190
2021-04-21 01:10:15.015000,4128.946,4128.299,2250,2250
2021-04-21 01:10:25.693000,4128.455,4127.736,2250,4190
2021-04-21 01:10:25.743000,4128.458,4127.751,2250,2250
2021-04-21 01:10:34.980000,4128.264,4127.551,2250,4190
2021-04-21 01:10:35.030000,4128.255,4127.554,2250,2250
2021-04-21 01:10:50.213000,4128.246,4127.545,2250,4190
2021-04-21 01:10:50.263000,4128.449,4127.751,2250,2250
2021-04-21 01:10:53.851000,4128.258,4127.536,2250,4190
2021-04-21 01:10:53.902000,4128.201,4127.554,2250,2250
2021-04-21 01:10:54.015000,4128.26,4127.799,460,2250
2021-04-21 01:10:54.065000,4128.458,4127.742,2250,2250
2021-04-21 01:10:54.368000,4128.264,4127.551,2250,4190
2021-04-21 01:10:54.418000,4128.258,4127.545,2250,2250
2021-04-21 01:10:58.238000,4128.254,4127.633,460,2250
2021-04-21 01:10:58.289000,4128.346,4127.648,2250,2250
2021-04-21 01:10:58.903000,4128.36,4127.733,460,2250
2021-04-21 01:10:58.953000,4128.458,4127.799,2250,2250
2021-04-21 01:11:01.222000,4128.352,4127.648,2250,4190
2021-04-21 01:11:01.273000,4128.301,4127.633,2250,2250
2021-04-21 01:11:01.386000,4128.346,4127.642,2250,4190
2021-04-21 01:11:01.436000,4128.455,4127.751,2250,2250
2021-04-21 01:11:02.782000,4128.349,4127.639,2250,4190
2021-04-21 01:11:02.832000,4128.355,4127.639,2250,2250
2021-04-21 01:11:02.941000,4128.348,4127.742,460,2250
2021-04-21 01:11:02.991000,4128.452,4127.799,2250,2250
2021-04-21 01:11:03.991000,4128.252,4127.554,2250,4190
2021-04-21 01:11:04.042000,4128.252,4127.599,2250,2250
2021-04-21 01:11:05.614000,4128.26,4127.754,460,2250
2021-04-21 01:11:05.665000,4128.461,4127.733,2250,2250
2021-04-21 01:11:23.126000,4128.463,4128.045,460,2250
2021-04-21 01:11:23.177000,4128.752,4128.042,2250,2250
2021-04-21 01:11:47.996000,4128.703,4128.245,460,2250
2021-04-21 01:11:48.047000,4128.949,4128.251,2250,2250
2021-04-21 01:11:54.864000,4128.764,4128.048,2250,4190
2021-04-21 01:11:54.914000,4128.701,4128.036,2250,2250
2021-04-21 01:11:56.254000,4128.703,4128.299,460,2250
2021-04-21 01:11:56.304000,4128.958,4128.254,2250,2250
2021-04-21 01:11:59.937000,4128.846,4128.148,2250,4190
2021-04-21 01:11:59.988000,4128.861,4128.151,2250,2250
2021-04-21 01:12:00.099000,4128.764,4128.039,2250,4190
2021-04-21 01:12:00.149000,4128.761,4128.099,2250,2250
2021-04-21 01:12:08.890000,4128.757,4128.254,460,2250
2021-04-21 01:12:08.940000,4128.901,4128.245,2250,2250
2021-04-21 01:12:09.716000,4128.467,4127.739,2250,4190
2021-04-21 01:12:09.767000,4128.449,4127.733,2250,2250
2021-04-21 01:12:24.372000,4128.367,4127.636,2250,4190
2021-04-21 01:12:24.422000,4128.346,4127.651,2250,2250
2021-04-21 01:12:24.564000,4128.264,4127.533,2250,4190
2021-04-21 01:12:24.614000,4128.255,4127.551,2250,2250
2021-04-21 01:12:33.357000,4127.964,4127.242,2250,4190
2021-04-21 01:12:33.407000,4127.949,4127.239,2250,2250
2021-04-21 01:12:34.947000,4127.749,4127.051,2250,4190
2021-04-21 01:12:34.997000,4127.749,4127.033,2250,2250
2021-04-21 01:12:37.795000,4127.751,4127.233,460,2250
2021-04-21 01:12:37.845000,4127.949,4127.245,2250,2250
2021-04-21 01:12:39.108000,4127.852,4127.154,2250,4190
2021-04-21 01:12:39.159000,4127.855,4127.136,2250,2250
2021-04-21 01:12:39.650000,4127.857,4127.242,460,2250
2021-04-21 01:12:39.701000,4127.955,4127.245,2250,2250
2021-04-21 01:12:42.246000,4127.752,4127.051,2250,4190
2021-04-21 01:12:42.296000,4127.767,4127.099,2250,2250
2021-04-21 01:12:45.552000,4127.748,4127.233,460,2250
2021-04-21 01:12:45.603000,4127.946,4127.233,2250,2250
2021-04-21 01:12:52.175000,4127.749,4127.036,2250,4190
2021-04-21 01:12:52.225000,4127.764,4127.045,2250,2250
2021-04-21 01:13:22.014000,4127.703,4127.245,460,2250
2021-04-21 01:13:22.064000,4127.958,4127.251,2250,2250
2021-04-21 01:13:22.173000,4127.746,4127.099,2250,4190
2021-04-21 01:13:22.224000,4127.767,4127.054,2250,2250
2021-04-21 01:13:23.973000,4127.769,4127.151,460,2250
2021-04-21 01:13:24.023000,4127.861,4127.148,2250,2250
2021-04-21 01:13:24.442000,4127.755,4127.051,2250,4190
2021-04-21 01:13:24.492000,4127.746,4127.048,2250,2250
2021-04-21 01:13:24.600000,4127.76,4127.199,460,2250
2021-04-21 01:13:24.651000,4127.864,4127.139,2250,2250
2021-04-21 01:13:25.196000,4127.851,4127.599,460,2250
2021-04-21 01:13:25.247000,4128.201,4127.548,2250,2250
2021-04-21 01:13:25.414000,4127.958,4127.251,2250,2250
2021-04-21 01:13:29.377000,4127.957,4127.551,460,2250
