2021-04-27 00:00:00.244000,4191.249,4190.548,2250,4190
2021-04-27 00:00:00.294000,4191.267,4190.551,2250,2250
2021-04-27 00:00:02.793000,4191.051,4190.536,460,2250
2021-04-27 00:00:02.843000,4191.067,4190.345,2250,2250
2021-04-27 00:00:03.324000,4191.058,4190.339,2250,4190
2021-04-27 00:00:03.375000,4191.149,4190.445,2250,2250
2021-04-27 00:00:03.800000,4191.057,4190.454,460,2250
2021-04-27 00:00:03.850000,4191.049,4190.336,2250,2250
2021-04-27 00:00:07.729000,4191.06,4190.554,460,2250
2021-04-27 00:00:07.779000,4191.201,4190.599,2250,2250
2021-04-27 00:00:08.538000,4191.055,4190.351,2250,4190
2021-04-27 00:00:08.588000,4191.061,4190.351,2250,2250
2021-04-27 00:00:10.903000,4190.755,4190.036,2250,4190
2021-04-27 00:00:10.953000,4190.764,4190.033,2250,2250
2021-04-27 00:00:12.196000,4190.567,4189.842,2250,4190
2021-04-27 00:00:12.247000,4190.564,4189.854,2250,2250
2021-04-27 00:00:12.682000,4190.255,4189.539,2250,4190
2021-04-27 00:00:12.732000,4190.252,4189.545,2250,2250
2021-04-27 00:00:13.564000,4190.046,4189.336,2250,4190
2021-04-27 00:00:13.614000,4190.046,4189.399,2250,2250
2021-04-27 00:00:14.128000,4189.746,4189.039,2250,4190
2021-04-27 00:00:14.178000,4189.749,4189.051,2250,2250
2021-04-27 00:00:20.377000,4189.548,4189.051,460,2250
2021-04-27 00:00:20.427000,4189.549,4188.839,2250,2250
2021-04-27 00:00:22.017000,4189.557,4189.054,460,2250
2021-04-27 00:00:22.067000,4189.701,4189.099,2250,2250
2021-04-27 00:00:22.174000,4189.563,4189.051,460,2250
2021-04-27 00:00:22.225000,4189.546,4188.851,2250,2250
2021-04-27 00:00:22.716000,4189.566,4189.045,460,2250
2021-04-27 00:00:22.766000,4189.767,4189.039,2250,2250
2021-04-27 00:00:26.171000,4189.763,4189.242,460,2250
2021-04-27 00:00:26.221000,4189.952,4189.299,2250,2250
2021-04-27 00:00:26.343000,4189.761,4189.042,2250,4190
2021-04-27 00:00:26.393000,4189.755,4189.045,2250,2250
2021-04-27 00:00:28.772000,4189.754,4189.399,460,2250
2021-04-27 00:00:28.823000,4190.052,4189.333,2250,2250
2021-04-27 00:00:30.380000,4189.752,4189.048,2250,4190
2021-04-27 00:00:30.430000,4189.749,4189.033,2250,2250
2021-04-27 00:00:30.962000,4189.767,4189.099,2250,4190
2021-04-27 00:00:31.013000,4190.001,4189.345,2250,2250
2021-04-27 00:00:36.585000,4189.701,4189.045,2250,4190
2021-04-27 00:00:36.635000,4189.701,4189.054,2250,2250
2021-04-27 00:00:36.744000,4189.763,4189.399,460,2250
2021-04-27 00:00:36.794000,4190.061,4189.351,2250,2250
2021-04-27 00:00:37.765000,4189.764,4189.051,2250,4190
2021-04-27 00:00:37.816000,4189.764,4189.099,2250,2250
2021-04-27 00:00:39.053000,4189.766,4189.354,460,2250
2021-04-27 00:00:39.104000,4190.046,4189.348,2250,2250
2021-04-27 00:00:40.291000,4189.758,4189.051,2250,4190
2021-04-27 00:00:40.341000,4189.758,4189.051,2250,2250
2021-04-27 00:00:40.935000,4189.701,4189.099,2250,4190
2021-04-27 00:00:40.985000,4190.058,4189.342,2250,2250
2021-04-27 00:00:41.708000,4189.749,4189.045,2250,4190
2021-04-27 00:00:41.759000,4189.701,4189.054,2250,2250
2021-04-27 00:00:42.353000,4189.76,4189.254,460,2250
2021-04-27 00:00:42.403000,4189.967,4189.254,2250,2250
2021-04-27 00:00:42.553000,4189.966,4189.336,460,2250
2021-04-27 00:00:42.603000,4190.067,4189.354,2250,2250
2021-04-27 00:00:59.770000,4189.752,4189.033,2250,4190
2021-04-27 00:00:59.820000,4189.755,4189.051,2250,2250
2021-04-27 00:01:01.914000,4189.501,4188.842,2250,4190
2021-04-27 00:01:01.965000,4189.555,4188.842,2250,2250
2021-04-27 00:01:02.795000,4189.548,4189.042,460,2250
2021-04-27 00:01:02.845000,4189.752,4189.039,2250,2250
2021-04-27 00:01:03.476000,4189.549,4188.833,2250,4190
2021-04-27 00:01:03.526000,4189.561,4188.839,2250,2250
2021-04-27 00:01:05.023000,4189.266,4188.833,460,2250
2021-04-27 00:01:05.073000,4189.261,4188.548,2250,2250
2021-04-27 00:01:10.917000,4189.063,4188.599,460,2250
2021-04-27 00:01:10.967000,4189.067,4188.339,2250,2250
2021-04-27 00:01:13.048000,4189.057,4188.548,460,2250
2021-04-27 00:01:13.098000,4189.255,4188.533,2250,2250
2021-04-27 00:01:19.443000,4189.255,4188.554,2250,4190
2021-04-27 00:01:19.493000,4189.552,4188.839,2250,2250
2021-04-27 00:01:26.732000,4189.554,4189.042,460,2250
2021-04-27 00:01:26.782000,4189.761,4189.051,2250,2250
2021-04-27 00:01:35.204000,4189.546,4188.839,2250,4190
2021-04-27 00:01:35.254000,4189.555,4188.842,2250,2250
2021-04-27 00:01:37.425000,4189.554,4188.948,460,2250
2021-04-27 00:01:37.475000,4189.661,4188.945,2250,2250
2021-04-27 00:01:37.588000,4189.654,4189.045,460,2250
2021-04-27 00:01:37.638000,4189.758,4189.045,2250,2250
2021-04-27 00:01:37.750000,4189.56,4189.033,460,2250
2021-04-27 00:01:37.800000,4189.558,4188.854,2250,2250
2021-04-27 00:01:38.639000,4189.554,4189.045,460,2250
2021-04-27 00:01:38.689000,4189.761,4189.099,2250,2250
2021-04-27 00:01:38.959000,4189.649,4188.936,2250,4190
2021-04-27 00:01:39.009000,4189.661,4188.936,2250,2250
2021-04-27 00:01:39.913000,4189.66,4189.042,460,2250
2021-04-27 00:01:39.964000,4189.755,4189.048,2250,2250
2021-04-27 00:01:40.782000,4189.552,4188.848,2250,4190
2021-04-27 00:01:40.833000,4189.567,4188.842,2250,2250
2021-04-27 00:01:50.449000,4189.261,4188.542,2250,4190
2021-04-27 00:01:50.500000,4189.267,4188.536,2250,2250
2021-04-27 00:01:56.178000,4189.252,4188.554,2250,4190
2021-04-27 00:01:56.229000,4189.564,4188.842,2250,2250
2021-04-27 00:01:56.341000,4189.452,4188.799,2250,2250
2021-04-27 00:01:56.498000,4189.254,4188.754,460,2250
2021-04-27 00:01:56.548000,4189.246,4188.599,2250,2250
2021-04-27 00:02:05.487000,4189.248,4188.839,460,2250
2021-04-27 00:02:05.537000,4189.549,4188.899,2250,2250
2021-04-27 00:02:10.004000,4189.569,4189.099,460,2250
2021-04-27 00:02:10.054000,4189.761,4189.051,2250,2250
2021-04-27 00:02:13.801000,4189.757,4189.399,460,2250
2021-04-27 00:02:13.852000,4190.049,4189.354,2250,2250
2021-04-27 00:02:14.620000,4189.757,4189.333,460,2250
2021-04-27 00:02:14.671000,4189.761,4189.051,2250,2250
2021-04-27 00:02:23.580000,4189.763,4189.351,460,2250
2021-04-27 00:02:23.630000,4190.067,4189.348,2250,2250
2021-04-27 00:02:24.213000,4189.755,4189.045,2250,4190
2021-04-27 00:02:24.264000,4189.758,4189.033,2250,2250
2021-04-27 00:02:26.258000,4189.752,4189.051,2250,4190
2021-04-27 00:02:26.309000,4190.049,4189.348,2250,2250
2021-04-27 00:02:40.831000,4189.764,4189.045,2250,4190
2021-04-27 00:02:40.882000,4189.752,4189.039,2250,2250
2021-04-27 00:02:40.989000,4189.766,4189.342,460,2250
2021-04-27 00:02:41.039000,4190.052,4189.399,2250,2250
2021-04-27 00:02:57.751000,4189.758,4189.045,2250,4190
2021-04-27 00:02:57.801000,4189.755,4189.042,2250,2250
2021-04-27 00:02:58.097000,4189.766,4189.354,460,2250
2021-04-27 00:02:58.147000,4190.052,4189.333,2250,2250
2021-04-27 00:02:58.905000,4189.764,4189.099,2250,4190
2021-04-27 00:02:58.955000,4189.761,4189.051,2250,2250
2021-04-27 00:03:03.998000,4189.503,4189.036,460,2250
2021-04-27 00:03:04.049000,4189.546,4188.839,2250,2250
2021-04-27 00:03:05.714000,4189.554,4189.045,460,2250
2021-04-27 00:03:05.764000,4189.758,4189.033,2250,2250
2021-04-27 00:03:09.151000,4189.766,4189.342,460,2250
2021-04-27 00:03:09.201000,4190.058,4189.399,2250,2250
2021-04-27 00:03:10.918000,4189.764,4189.042,2250,4190
2021-04-27 00:03:10.969000,4189.758,4189.048,2250,2250
2021-04-27 00:03:17.908000,4189.766,4189.351,460,2250
2021-04-27 00:03:17.959000,4190.067,4189.339,2250,2250
2021-04-27 00:03:18.067000,4189.757,4189.354,460,2250
2021-04-27 00:03:18.117000,4189.755,4189.054,2250,2250
2021-04-27 00:04:02.054000,4189.549,4188.851,2250,4190
2021-04-27 00:04:02.104000,4189.564,4188.845,2250,2250
2021-04-27 00:04:06.113000,4189.548,4189.099,460,2250
2021-04-27 00:04:06.164000,4189.758,4189.051,2250,2250
2021-04-27 00:04:12.364000,4189.567,4188.839,2250,4190
2021-04-27 00:04:12.414000,4189.564,4188.842,2250,2250
2021-04-27 00:04:13.219000,4189.563,4189.036,460,2250
2021-04-27 00:04:13.269000,4189.755,4189.099,2250,2250
2021-04-27 00:04:20.842000,4189.552,4188.833,2250,4190
2021-04-27 00:04:20.892000,4189.567,4188.848,2250,2250
2021-04-27 00:04:23.669000,4189.557,4189.036,460,2250
2021-04-27 00:04:23.719000,4189.746,4189.033,2250,2250
2021-04-27 00:04:24.472000,4189.667,4188.954,2250,4190
2021-04-27 00:04:24.522000,4189.658,4188.939,2250,2250
2021-04-27 00:04:24.882000,4189.657,4189.051,460,2250
2021-04-27 00:04:24.932000,4189.746,4189.045,2250,2250
2021-04-27 00:04:27.303000,4189.766,4189.342,460,2250
2021-04-27 00:04:27.354000,4190.049,4189.336,2250,2250
2021-04-27 00:04:29.814000,4189.746,4189.036,2250,4190
2021-04-27 00:04:29.864000,4189.752,4189.099,2250,2250
2021-04-27 00:04:29.974000,4189.769,4189.251,460,2250
2021-04-27 00:04:30.024000,4189.964,4189.251,2250,2250
2021-04-27 00:04:31.256000,4189.755,4189.054,2250,4190
2021-04-27 00:04:31.306000,4189.701,4189.036,2250,2250
2021-04-27 00:04:37.556000,4189.549,4188.836,2250,4190
2021-04-27 00:04:37.607000,4189.552,4188.836,2250,2250
2021-04-27 00:04:40.506000,4189.566,4189.045,460,2250
2021-04-27 00:04:40.556000,4189.758,4189.099,2250,2250
2021-04-27 00:04:52.232000,4189.566,4189.039,460,2250
2021-04-27 00:04:52.282000,4189.552,4188.854,2250,2250
2021-04-27 00:04:56.018000,4189.56,4189.045,460,2250
2021-04-27 00:04:56.069000,4189.767,4189.054,2250,2250
2021-04-27 00:04:59.468000,4189.552,4188.836,2250,4190
2021-04-27 00:04:59.518000,4189.552,4188.836,2250,2250
2021-04-27 00:04:59.629000,4189.566,4188.951,460,2250
2021-04-27 00:04:59.679000,4189.652,4188.939,2250,2250
2021-04-27 00:04:59.926000,4189.603,4189.042,460,2250
2021-04-27 00:04:59.977000,4189.752,4189.099,2250,2250
2021-04-27 00:05:04.450000,4189.703,4189.333,460,2250
2021-04-27 00:05:04.500000,4190.061,4189.348,2250,2250
2021-04-27 00:05:10.922000,4189.751,4189.336,460,2250
2021-04-27 00:05:10.972000,4189.746,4189.042,2250,2250
2021-04-27 00:05:11.401000,4189.763,4189.339,460,2250
2021-04-27 00:05:11.451000,4190.064,4189.348,2250,2250
2021-04-27 00:05:11.969000,4189.701,4189.042,2250,4190
2021-04-27 00:05:12.019000,4189.746,4189.042,2250,2250
2021-04-27 00:05:17.729000,4189.703,4189.233,460,2250
2021-04-27 00:05:17.780000,4189.955,4189.251,2250,2250
2021-04-27 00:05:18.351000,4189.752,4189.033,2250,4190
2021-04-27 00:05:18.401000,4189.746,4189.051,2250,2250
2021-04-27 00:05:25.119000,4189.555,4188.839,2250,4190
2021-04-27 00:05:25.170000,4189.546,4188.848,2250,2250
2021-04-27 00:05:25.270000,4189.563,4189.054,460,2250
2021-04-27 00:05:25.321000,4189.746,4189.048,2250,2250
2021-04-27 00:05:29.157000,4189.751,4189.242,460,2250
2021-04-27 00:05:29.208000,4189.952,4189.236,2250,2250
2021-04-27 00:05:29.479000,4189.767,4189.036,2250,4190
2021-04-27 00:05:29.530000,4189.701,4189.054,2250,2250
2021-04-27 00:05:29.805000,4189.746,4189.054,2250,4190
2021-04-27 00:05:29.855000,4190.052,4189.354,2250,2250
2021-04-27 00:05:30.122000,4189.748,4189.351,460,2250
2021-04-27 00:05:30.173000,4189.767,4189.048,2250,2250
2021-04-27 00:05:30.903000,4189.751,4189.351,460,2250
2021-04-27 00:05:30.953000,4190.046,4189.336,2250,2250
2021-04-27 00:05:38.050000,4189.701,4189.048,2250,4190
2021-04-27 00:05:38.100000,4189.701,4189.036,2250,2250
2021-04-27 00:05:41.645000,4189.649,4188.951,2250,4190
2021-04-27 00:05:41.695000,4189.661,4188.948,2250,2250
2021-04-27 00:05:41.806000,4189.651,4189.039,460,2250
2021-04-27 00:05:41.857000,4189.761,4189.051,2250,2250
2021-04-27 00:05:46.060000,4189.549,4188.848,2250,4190
2021-04-27 00:05:46.110000,4189.564,4188.848,2250,2250
2021-04-27 00:05:46.225000,4189.554,4189.036,460,2250
2021-04-27 00:05:46.275000,4189.767,4189.033,2250,2250
2021-04-27 00:05:59.812000,4189.555,4188.842,2250,4190
2021-04-27 00:05:59.862000,4189.558,4188.839,2250,2250
2021-04-27 00:06:03.652000,4189.249,4188.536,2250,4190
2021-04-27 00:06:03.703000,4189.252,4188.599,2250,2250
2021-04-27 00:06:14.125000,4189.254,4188.745,460,2250
2021-04-27 00:06:14.175000,4189.467,4188.736,2250,2250
2021-04-27 00:06:14.274000,4189.469,4188.836,460,2250
2021-04-27 00:06:14.325000,4189.549,4188.851,2250,2250
2021-04-27 00:06:34.378000,4189.261,4188.551,2250,4190
2021-04-27 00:06:34.428000,4189.246,4188.545,2250,2250
2021-04-27 00:06:35.357000,4189.269,4188.842,460,2250
2021-04-27 00:06:35.407000,4189.555,4188.851,2250,2250
2021-04-27 00:06:42.866000,4189.454,4188.899,460,2250
2021-04-27 00:06:42.916000,4189.455,4188.739,2250,2250
2021-04-27 00:06:43.024000,4189.201,4188.599,2250,4190
2021-04-27 00:06:43.074000,4189.255,4188.542,2250,2250
2021-04-27 00:06:46.650000,4189.251,4188.739,460,2250
2021-04-27 00:06:46.700000,4189.449,4188.742,2250,2250
2021-04-27 00:06:47.519000,4189.263,4188.733,460,2250
2021-04-27 00:06:47.570000,4189.246,4188.533,2250,2250
2021-04-27 00:06:48.411000,4189.255,4188.539,2250,4190
2021-04-27 00:06:48.461000,4189.501,4188.842,2250,2250
2021-04-27 00:06:51.389000,4189.249,4188.533,2250,4190
2021-04-27 00:06:51.439000,4189.249,4188.545,2250,2250
2021-04-27 00:06:52.610000,4189.26,4188.839,460,2250
2021-04-27 00:06:52.660000,4189.549,4188.836,2250,2250
2021-04-27 00:07:02.378000,4189.246,4188.536,2250,4190
2021-04-27 00:07:02.428000,4189.249,4188.542,2250,2250
2021-04-27 00:07:04.276000,4189.001,4188.336,2250,4190
2021-04-27 00:07:04.326000,4189.058,4188.351,2250,2250
2021-04-27 00:07:05.081000,4189.055,4188.345,2250,4190
2021-04-27 00:07:05.131000,4189.267,4188.533,2250,2250
2021-04-27 00:07:12.037000,4189.052,4188.354,2250,4190
2021-04-27 00:07:12.087000,4189.049,4188.333,2250,2250
2021-04-27 00:07:15.069000,4189.069,4188.542,460,2250
2021-04-27 00:07:15.119000,4189.255,4188.554,2250,2250
2021-04-27 00:07:16.370000,4189.061,4188.336,2250,4190
2021-04-27 00:07:16.420000,4189.049,4188.339,2250,2250
2021-04-27 00:07:16.854000,4189.057,4188.536,460,2250
2021-04-27 00:07:16.904000,4189.201,4188.548,2250,2250
2021-04-27 00:07:26.324000,4189.001,4188.348,2250,4190
2021-04-27 00:07:26.374000,4189.067,4188.339,2250,2250
2021-04-27 00:07:28.530000,4189.001,4188.345,2250,4190
2021-04-27 00:07:28.581000,4189.264,4188.533,2250,2250
2021-04-27 00:07:30.055000,4189.067,4188.351,2250,4190
2021-04-27 00:07:30.105000,4189.058,4188.345,2250,2250
2021-04-27 00:07:30.240000,4189.003,4188.439,460,2250
2021-04-27 00:07:30.290000,4189.146,4188.439,2250,2250
2021-04-27 00:07:30.418000,4189.049,4188.399,2250,4190
2021-04-27 00:07:30.469000,4189.052,4188.345,2250,2250
2021-04-27 00:07:32.103000,4189.048,4188.545,460,2250
2021-04-27 00:07:32.153000,4189.267,4188.545,2250,2250
2021-04-27 00:07:32.784000,4189.048,4188.599,460,2250
2021-04-27 00:07:32.835000,4189.052,4188.333,2250,2250
2021-04-27 00:07:33.370000,4189.057,4188.533,460,2250
2021-04-27 00:07:33.420000,4189.246,4188.554,2250,2250
2021-04-27 00:07:33.842000,4189.164,4188.454,2250,4190
2021-04-27 00:07:33.893000,4189.167,4188.448,2250,2250
2021-04-27 00:07:34.012000,4189.163,4188.533,460,2250
2021-04-27 00:07:34.062000,4189.267,4188.554,2250,2250
2021-04-27 00:07:34.621000,4189.152,4188.445,2250,4190
2021-04-27 00:07:34.671000,4189.152,4188.499,2250,2250
2021-04-27 00:07:34.722000,4189.067,4188.354,2250,2250
2021-04-27 00:07:42.367000,4189.003,4188.542,460,2250
2021-04-27 00:07:42.417000,4189.252,4188.599,2250,2250
2021-04-27 00:07:45.652000,4189.067,4188.333,2250,4190
2021-04-27 00:07:45.702000,4189.001,4188.336,2250,2250
2021-04-27 00:07:49.568000,4189.069,4188.536,460,2250
2021-04-27 00:07:49.618000,4189.267,4188.536,2250,2250
2021-04-27 00:08:01.329000,4189.251,4188.839,460,2250
2021-04-27 00:08:01.379000,4189.549,4188.833,2250,2250
2021-04-27 00:08:03.867000,4189.552,4188.899,2250,4190
2021-04-27 00:08:03.917000,4189.649,4188.999,2250,2250
2021-04-27 00:08:04.480000,4189.666,4189.099,460,2250
2021-04-27 00:08:04.530000,4189.746,4189.051,2250,2250
2021-04-27 00:08:05.220000,4189.551,4189.099,460,2250
2021-04-27 00:08:05.271000,4189.558,4188.899,2250,2250
2021-04-27 00:08:08.525000,4189.548,4189.042,460,2250
2021-04-27 00:08:08.575000,4189.761,4189.039,2250,2250
2021-04-27 00:08:14.354000,4189.558,4188.839,2250,4190
2021-04-27 00:08:14.404000,4189.549,4188.836,2250,2250
2021-04-27 00:08:18.518000,4189.569,4189.033,460,2250
2021-04-27 00:08:18.569000,4189.755,4189.051,2250,2250
2021-04-27 00:08:22.618000,4189.746,4189.099,2250,4190
2021-04-27 00:08:22.668000,4190.046,4189.333,2250,2250
2021-04-27 00:08:24.005000,4189.758,4189.045,2250,4190
2021-04-27 00:08:24.056000,4189.701,4189.048,2250,2250
2021-04-27 00:08:24.340000,4189.766,4189.354,460,2250
2021-04-27 00:08:24.391000,4190.067,4189.399,2250,2250
2021-04-27 00:08:28.133000,4189.901,4189.248,2250,4190
2021-04-27 00:08:28.184000,4189.949,4189.233,2250,2250
2021-04-27 00:08:28.460000,4189.758,4189.045,2250,4190
2021-04-27 00:08:28.510000,4189.761,4189.042,2250,2250
2021-04-27 00:08:29.765000,4189.754,4189.336,460,2250
2021-04-27 00:08:29.815000,4190.064,4189.351,2250,2250
2021-04-27 00:08:30.952000,4189.767,4189.036,2250,2250
2021-04-27 00:08:35.878000,4189.766,4189.236,460,2250
2021-04-27 00:08:35.929000,4189.946,4189.251,2250,2250
2021-04-27 00:08:36.198000,4189.758,4189.042,2250,4190
2021-04-27 00:08:36.249000,4189.752,4189.048,2250,2250
2021-04-27 00:08:36.837000,4189.766,4189.242,460,2250
2021-04-27 00:08:36.888000,4189.964,4189.239,2250,2250
2021-04-27 00:08:37.159000,4189.761,4189.099,2250,4190
2021-04-27 00:08:37.210000,4189.764,4189.054,2250,2250
2021-04-27 00:08:39.115000,4189.757,4189.254,460,2250
2021-04-27 00:08:39.166000,4189.967,4189.233,2250,2250
2021-04-27 00:08:39.274000,4189.761,4189.033,2250,4190
2021-04-27 00:08:39.324000,4189.758,4189.051,2250,2250
2021-04-27 00:08:42.490000,4189.754,4189.248,460,2250
2021-04-27 00:08:42.541000,4189.946,4189.299,2250,2250
2021-04-27 00:08:42.653000,4189.755,4189.048,2250,4190
2021-04-27 00:08:42.703000,4189.752,4189.033,2250,2250
2021-04-27 00:08:43.450000,4189.757,4189.236,460,2250
2021-04-27 00:08:43.501000,4189.967,4189.251,2250,2250
2021-04-27 00:08:43.806000,4189.963,4189.351,460,2250
2021-04-27 00:08:43.857000,4190.052,4189.333,2250,2250
2021-04-27 00:08:47.344000,4189.767,4189.048,2250,4190
2021-04-27 00:08:47.395000,4189.749,4189.039,2250,2250
2021-04-27 00:08:48.186000,4189.757,4189.351,460,2250
2021-04-27 00:08:48.236000,4190.052,4189.333,2250,2250
2021-04-27 00:09:11.966000,4189.763,4189.348,460,2250
2021-04-27 00:09:12.017000,4189.749,4189.033,2250,2250
2021-04-27 00:09:20.394000,4189.769,4189.351,460,2250
2021-04-27 00:09:20.444000,4190.001,4189.342,2250,2250
2021-04-27 00:09:21.899000,4189.757,4189.351,460,2250
2021-04-27 00:09:21.949000,4189.749,4189.054,2250,2250
2021-04-27 00:09:22.831000,4189.748,4189.299,460,2250
2021-04-27 00:09:22.881000,4189.901,4189.248,2250,2250
2021-04-27 00:09:22.992000,4189.761,4189.033,2250,4190
2021-04-27 00:09:23.042000,4189.767,4189.036,2250,2250
2021-04-27 00:09:40.717000,4189.569,4189.039,460,2250
2021-04-27 00:09:40.768000,4189.501,4188.833,2250,2250
2021-04-27 00:09:40.870000,4189.567,4188.899,2250,4190
2021-04-27 00:09:40.921000,4189.761,4189.051,2250,2250
2021-04-27 00:09:52.389000,4189.567,4188.848,2250,4190
2021-04-27 00:09:52.439000,4189.501,4188.848,2250,2250
2021-04-27 00:10:01.630000,4189.554,4189.033,460,2250
2021-04-27 00:10:01.680000,4189.749,4189.048,2250,2250
2021-04-27 00:10:11.163000,4189.501,4188.848,2250,4190
2021-04-27 00:10:11.214000,4189.561,4188.845,2250,2250
2021-04-27 00:10:14.657000,4189.563,4188.933,460,2250
2021-04-27 00:10:14.707000,4189.667,4188.999,2250,2250
2021-04-27 00:10:15.102000,4189.549,4188.833,2250,4190
2021-04-27 00:10:15.153000,4189.561,4188.899,2250,2250
2021-04-27 00:10:16.047000,4189.551,4188.933,460,2250
2021-04-27 00:10:16.098000,4189.646,4188.933,2250,2250
2021-04-27 00:10:16.822000,4189.654,4189.042,460,2250
2021-04-27 00:10:16.873000,4189.746,4189.042,2250,2250
2021-04-27 00:10:16.983000,4189.548,4189.048,460,2250
2021-04-27 00:10:17.033000,4189.567,4188.839,2250,2250
2021-04-27 00:10:18.575000,4189.549,4188.836,2250,4190
2021-04-27 00:10:18.626000,4189.761,4189.033,2250,2250
2021-04-27 00:10:18.738000,4189.646,4188.945,2250,2250
2021-04-27 00:10:19.272000,4189.666,4189.045,460,2250
2021-04-27 00:10:19.322000,4189.752,4189.039,2250,2250
2021-04-27 00:10:35.812000,4189.769,4189.299,460,2250
2021-04-27 00:10:35.862000,4189.961,4189.251,2250,2250
2021-04-27 00:10:37.143000,4189.752,4189.045,2250,4190
2021-04-27 00:10:37.193000,4189.746,4189.048,2250,2250
2021-04-27 00:10:38.498000,4189.703,4189.336,460,2250
2021-04-27 00:10:38.549000,4190.058,4189.399,2250,2250
2021-04-27 00:10:43.200000,4189.763,4189.345,460,2250
2021-04-27 00:10:43.250000,4189.758,4189.033,2250,2250
2021-04-27 00:10:56.197000,4189.703,4189.339,460,2250
2021-04-27 00:10:56.248000,4190.001,4189.354,2250,2250
2021-04-27 00:11:08.256000,4189.757,4189.342,460,2250
2021-04-27 00:11:08.307000,4189.701,4189.054,2250,2250
2021-04-27 00:11:11.518000,4189.567,4188.899,2250,4190
2021-04-27 00:11:11.569000,4189.549,4188.899,2250,2250
2021-04-27 00:11:19.819000,4189.551,4188.951,460,2250
2021-04-27 00:11:19.869000,4189.646,4188.999,2250,2250
2021-04-27 00:11:20.414000,4189.651,4189.051,460,2250
2021-04-27 00:11:20.464000,4189.755,4189.045,2250,2250
2021-04-27 00:12:00.535000,4189.561,4188.842,2250,4190
2021-04-27 00:12:00.585000,4189.546,4188.851,2250,2250
2021-04-27 00:12:00.856000,4189.56,4188.942,460,2250
2021-04-27 00:12:00.906000,4189.658,4188.945,2250,2250
2021-04-27 00:12:01.012000,4189.648,4189.042,460,2250
2021-04-27 00:12:01.062000,4189.746,4189.048,2250,2250
2021-04-27 00:12:02.939000,4189.566,4189.045,460,2250
2021-04-27 00:12:02.990000,4189.501,4188.848,2250,2250
2021-04-27 00:12:03.576000,4189.503,4189.033,460,2250
2021-04-27 00:12:03.626000,4189.701,4189.051,2250,2250
2021-04-27 00:12:14.136000,4189.501,4188.836,2250,4190
2021-04-27 00:12:14.187000,4189.564,4188.848,2250,2250
2021-04-27 00:12:33.956000,4189.551,4189.033,460,2250
2021-04-27 00:12:34.007000,4189.761,4189.033,2250,2250
2021-04-27 00:12:54.726000,4189.503,4189.054,460,2250
2021-04-27 00:12:54.776000,4189.564,4188.845,2250,2250
2021-04-27 00:13:07.010000,4189.249,4188.536,2250,4190
2021-04-27 00:13:07.060000,4189.258,4188.539,2250,2250
2021-04-27 00:13:28.102000,4189.249,4188.554,2250,4190
2021-04-27 00:13:28.152000,4189.561,4188.833,2250,2250
2021-04-27 00:13:31.311000,4189.26,4188.848,460,2250
2021-04-27 00:13:31.361000,4189.246,4188.536,2250,2250
2021-04-27 00:13:34.904000,4189.055,4188.342,2250,2250
2021-04-27 00:13:53.048000,4188.901,4188.248,2250,4190
2021-04-27 00:13:53.098000,4188.955,4188.251,2250,2250
2021-04-27 00:13:53.527000,4188.746,4188.054,2250,4190
2021-04-27 00:13:53.577000,4188.755,4188.099,2250,2250
2021-04-27 00:13:54.299000,4188.703,4188.342,460,2250
2021-04-27 00:13:54.350000,4189.055,4188.354,2250,2250
2021-04-27 00:14:50.980000,4189.066,4188.548,460,2250
2021-04-27 00:14:51.030000,4189.258,4188.548,2250,2250
2021-04-27 00:14:54.810000,4189.001,4188.351,2250,4190
2021-04-27 00:14:54.860000,4189.058,4188.354,2250,2250
2021-04-27 00:15:11.312000,4189.067,4188.342,2250,4190
2021-04-27 00:15:11.362000,4189.261,4188.536,2250,2250
2021-04-27 00:15:13.763000,4189.046,4188.333,2250,4190
2021-04-27 00:15:13.813000,4189.067,4188.336,2250,2250
2021-04-27 00:15:25.194000,4189.049,4188.348,2250,4190
2021-04-27 00:15:25.245000,4189.264,4188.542,2250,2250
2021-04-27 00:15:25.517000,4189.055,4188.333,2250,4190
2021-04-27 00:15:25.567000,4189.052,4188.336,2250,2250
2021-04-27 00:15:27.016000,4189.057,4188.554,460,2250
2021-04-27 00:15:27.066000,4189.264,4188.542,2250,2250
2021-04-27 00:15:27.498000,4189.049,4188.342,2250,4190
2021-04-27 00:15:27.548000,4189.049,4188.336,2250,2250
2021-04-27 00:15:27.658000,4189.057,4188.551,460,2250
2021-04-27 00:15:27.709000,4189.258,4188.548,2250,2250
2021-04-27 00:16:19.045000,4189.263,4188.751,460,2250
2021-04-27 00:16:19.095000,4189.446,4188.748,2250,2250
2021-04-27 00:16:19.601000,4189.269,4188.736,460,2250
2021-04-27 00:16:19.651000,4189.258,4188.542,2250,2250
2021-04-27 00:16:50.220000,4189.049,4188.348,2250,4190
2021-04-27 00:16:50.270000,4189.046,4188.348,2250,2250
2021-04-27 00:17:00.051000,4188.758,4188.051,2250,4190
2021-04-27 00:17:00.101000,4188.755,4188.042,2250,2250
2021-04-27 00:17:02.288000,4188.552,4187.899,2250,4190
2021-04-27 00:17:02.339000,4188.567,4187.842,2250,2250
2021-04-27 00:17:02.448000,4188.569,4188.054,460,2250
2021-04-27 00:17:02.499000,4188.701,4188.033,2250,2250
2021-04-27 00:17:02.614000,4188.666,4188.039,460,2250
2021-04-27 00:17:02.664000,4188.646,4187.999,2250,2250
2021-04-27 00:17:02.770000,4188.546,4187.839,2250,4190
2021-04-27 00:17:02.820000,4188.564,4187.899,2250,2250
2021-04-27 00:17:25.110000,4188.555,4187.851,2250,4190
2021-04-27 00:17:25.160000,4188.767,4188.051,2250,2250
2021-04-27 00:17:30.633000,4188.564,4187.851,2250,4190
2021-04-27 00:17:30.683000,4188.546,4187.836,2250,2250
2021-04-27 00:17:40.159000,4188.557,4188.042,460,2250
2021-04-27 00:17:40.209000,4188.761,4188.039,2250,2250
2021-04-27 00:17:44.522000,4188.757,4188.248,460,2250
2021-04-27 00:17:44.572000,4188.964,4188.242,2250,2250
2021-04-27 00:17:45.180000,4188.749,4188.036,2250,4190
2021-04-27 00:17:45.230000,4188.758,4188.045,2250,2250
2021-04-27 00:17:45.789000,4188.76,4188.251,460,2250
2021-04-27 00:17:45.839000,4188.964,4188.248,2250,2250
2021-04-27 00:17:45.952000,4188.961,4188.254,2250,4190
2021-04-27 00:17:46.002000,4189.058,4188.339,2250,2250
2021-04-27 00:17:51.080000,4188.757,4188.354,460,2250
2021-04-27 00:17:51.130000,4188.749,4188.048,2250,2250
2021-04-27 00:18:00.558000,4188.563,4188.033,460,2250
2021-04-27 00:18:00.609000,4188.567,4187.899,2250,2250
2021-04-27 00:18:02.026000,4188.746,4188.051,2250,2250
2021-04-27 00:18:02.356000,4188.601,4187.948,2250,4190
2021-04-27 00:18:02.407000,4188.658,4187.951,2250,2250
2021-04-27 00:18:03.007000,4188.669,4188.099,460,2250
2021-04-27 00:18:03.057000,4188.761,4188.045,2250,2250
2021-04-27 00:18:03.169000,4188.649,4187.948,2250,4190
2021-04-27 00:18:03.219000,4188.655,4187.948,2250,2250
2021-04-27 00:18:03.331000,4188.561,4187.851,2250,4190
2021-04-27 00:18:03.382000,4188.558,4187.854,2250,2250
2021-04-27 00:18:53.683000,4188.563,4188.039,460,2250
2021-04-27 00:18:53.733000,4188.746,4188.036,2250,2250
2021-04-27 00:18:59.858000,4188.754,4188.251,460,2250
2021-04-27 00:18:59.908000,4188.952,4188.242,2250,2250
2021-04-27 00:19:00.423000,4188.746,4188.099,2250,4190
2021-04-27 00:19:00.474000,4188.752,4188.045,2250,2250
2021-04-27 00:19:20.726000,4188.703,4188.333,460,2250
2021-04-27 00:19:20.776000,4189.064,4188.345,2250,2250
2021-04-27 00:19:36.445000,4188.701,4188.054,2250,4190
2021-04-27 00:19:36.495000,4188.755,4188.045,2250,2250
2021-04-27 00:19:53.986000,4188.757,4188.342,460,2250
2021-04-27 00:19:54.037000,4189.064,4188.399,2250,2250
2021-04-27 00:19:57.899000,4188.761,4188.042,2250,4190
2021-04-27 00:19:57.950000,4188.752,4188.054,2250,2250
2021-04-27 00:20:03.174000,4188.549,4187.854,2250,4190
2021-04-27 00:20:03.224000,4188.501,4187.836,2250,2250
2021-04-27 00:20:03.738000,4188.548,4188.033,460,2250
2021-04-27 00:20:03.789000,4188.752,4188.039,2250,2250
2021-04-27 00:20:06.978000,4188.766,4188.339,460,2250
2021-04-27 00:20:07.029000,4189.058,4188.342,2250,2250
2021-04-27 00:20:08.451000,4188.764,4188.054,2250,4190
2021-04-27 00:20:08.501000,4188.764,4188.036,2250,2250
2021-04-27 00:20:11.347000,4188.763,4188.342,460,2250
2021-04-27 00:20:11.398000,4189.067,4188.399,2250,2250
2021-04-27 00:20:34.738000,4189.048,4188.448,460,2250
2021-04-27 00:20:34.788000,4189.161,4188.445,2250,2250
2021-04-27 00:20:36.212000,4189.061,4188.348,2250,4190
2021-04-27 00:20:36.262000,4189.052,4188.339,2250,2250
2021-04-27 00:21:00.411000,4189.066,4188.539,460,2250
2021-04-27 00:21:00.462000,4189.258,4188.542,2250,2250
2021-04-27 00:21:00.943000,4189.049,4188.339,2250,4190
2021-04-27 00:21:00.993000,4189.049,4188.348,2250,2250
2021-04-27 00:22:02.701000,4189.054,4188.536,460,2250
2021-04-27 00:22:02.751000,4189.252,4188.554,2250,2250
2021-04-27 00:22:03.668000,4189.167,4188.451,2250,4190
2021-04-27 00:22:03.719000,4189.155,4188.445,2250,2250
2021-04-27 00:22:03.831000,4189.052,4188.354,2250,4190
2021-04-27 00:22:03.881000,4189.052,4188.336,2250,2250
2021-04-27 00:22:04.525000,4189.069,4188.551,460,2250
2021-04-27 00:22:04.575000,4189.258,4188.554,2250,2250
2021-04-27 00:22:05.109000,4189.06,4188.554,460,2250
2021-04-27 00:22:05.160000,4189.055,4188.348,2250,2250
2021-04-27 00:22:28.458000,4189.06,4188.439,460,2250
2021-04-27 00:22:28.509000,4189.152,4188.439,2250,2250
2021-04-27 00:22:28.618000,4189.001,4188.342,2250,4190
2021-04-27 00:22:28.668000,4189.061,4188.345,2250,2250
2021-04-27 00:22:40.704000,4188.758,4188.036,2250,4190
2021-04-27 00:22:40.755000,4188.755,4188.042,2250,2250
2021-04-27 00:23:20.286000,4188.563,4188.042,460,2250
2021-04-27 00:23:20.336000,4188.546,4187.836,2250,2250
2021-04-27 00:23:29.342000,4188.255,4187.551,2250,4190
2021-04-27 00:23:29.392000,4188.258,4187.551,2250,2250
2021-04-27 00:23:31.435000,4188.266,4187.799,460,2250
2021-04-27 00:23:31.486000,4188.467,4187.742,2250,2250
2021-04-27 00:23:31.596000,4188.264,4187.551,2250,4190
2021-04-27 00:23:31.646000,4188.255,4187.542,2250,2250
2021-04-27 00:23:58.379000,4188.269,4187.836,460,2250
2021-04-27 00:23:58.429000,4188.567,4187.848,2250,2250
2021-04-27 00:24:00.780000,4188.249,4187.554,2250,4190
2021-04-27 00:24:00.830000,4188.201,4187.533,2250,2250
2021-04-27 00:24:02.845000,4188.257,4187.839,460,2250
2021-04-27 00:24:02.895000,4188.558,4187.845,2250,2250
2021-04-27 00:24:04.293000,4188.258,4187.545,2250,4190
2021-04-27 00:24:04.343000,4188.261,4187.548,2250,2250
2021-04-27 00:24:06.691000,4188.203,4187.833,460,2250
2021-04-27 00:24:06.742000,4188.561,4187.833,2250,2250
2021-04-27 00:24:07.166000,4188.446,4187.751,2250,4190
2021-04-27 00:24:07.217000,4188.446,4187.742,2250,2250
2021-04-27 00:24:07.749000,4188.258,4187.533,2250,4190
2021-04-27 00:24:07.799000,4188.255,4187.599,2250,2250
2021-04-27 00:24:34.276000,4188.264,4187.551,2250,4190
2021-04-27 00:24:34.326000,4188.552,4187.899,2250,2250
2021-04-27 00:24:37.964000,4188.258,4187.533,2250,4190
2021-04-27 00:24:38.014000,4188.267,4187.542,2250,2250
2021-04-27 00:25:14.633000,4188.269,4187.842,460,2250
2021-04-27 00:25:14.684000,4188.549,4187.854,2250,2250
2021-04-27 00:25:46.284000,4188.546,4187.854,2250,4190
2021-04-27 00:25:46.335000,4188.755,4188.048,2250,2250
2021-04-27 00:26:46.485000,4188.549,4187.854,2250,4190
2021-04-27 00:26:46.535000,4188.552,4187.833,2250,2250
2021-04-27 00:26:57.030000,4188.561,4187.833,2250,4190
2021-04-27 00:26:57.080000,4188.701,4188.036,2250,2250
2021-04-27 00:27:01.470000,4188.501,4187.836,2250,4190
2021-04-27 00:27:01.520000,4188.558,4187.833,2250,2250
2021-04-27 00:27:08.308000,4188.548,4188.054,460,2250
2021-04-27 00:27:08.358000,4188.764,4188.033,2250,2250
2021-04-27 00:27:09.388000,4188.557,4188.051,460,2250
2021-04-27 00:27:09.440000,4188.546,4187.839,2250,2250
2021-04-27 00:27:10.352000,4188.551,4188.039,460,2250
2021-04-27 00:27:10.402000,4188.749,4188.042,2250,2250
2021-04-27 00:27:11.905000,4188.601,4187.933,2250,4190
2021-04-27 00:27:11.955000,4188.658,4187.939,2250,2250
2021-04-27 00:27:13.453000,4188.567,4187.899,2250,4190
2021-04-27 00:27:13.503000,4188.567,4187.845,2250,2250
2021-04-27 00:27:14.128000,4188.554,4188.054,460,2250
2021-04-27 00:27:14.178000,4188.752,4188.033,2250,2250
2021-04-27 00:27:24.142000,4188.551,4188.045,460,2250
2021-04-27 00:27:24.192000,4188.552,4187.848,2250,2250
2021-04-27 00:27:24.466000,4188.549,4187.845,2250,4190
2021-04-27 00:27:24.516000,4188.764,4188.036,2250,2250
2021-04-27 00:28:52.201000,4188.757,4188.399,460,2250
2021-04-27 00:28:52.251000,4189.055,4188.345,2250,2250
2021-04-27 00:29:02.487000,4188.752,4188.099,2250,4190
2021-04-27 00:29:02.538000,4188.749,4188.051,2250,2250
2021-04-27 00:29:31.261000,4188.755,4188.099,2250,4190
2021-04-27 00:29:31.311000,4189.001,4188.348,2250,2250
2021-04-27 00:29:50.120000,4189.067,4188.336,2250,4190
2021-04-27 00:29:50.170000,4189.252,4188.542,2250,2250
2021-04-27 00:29:50.886000,4189.161,4188.442,2250,4190
2021-04-27 00:29:50.937000,4189.155,4188.436,2250,2250
2021-04-27 00:29:51.324000,4189.046,4188.351,2250,4190
2021-04-27 00:29:51.374000,4189.049,4188.348,2250,2250
2021-04-27 00:29:59.630000,4189.069,4188.539,460,2250
2021-04-27 00:29:59.681000,4189.201,4188.548,2250,2250
2021-04-27 00:30:00.290000,4189.051,4188.548,460,2250
2021-04-27 00:30:00.340000,4189.046,4188.348,2250,2250
2021-04-27 00:30:33.942000,4188.758,4188.033,2250,4190
2021-04-27 00:30:33.992000,4188.761,4188.048,2250,2250
2021-04-27 00:30:34.105000,4188.766,4188.299,460,2250
2021-04-27 00:30:34.155000,4188.964,4188.245,2250,2250
2021-04-27 00:30:34.266000,4188.969,4188.333,460,2250
2021-04-27 00:30:34.316000,4189.055,4188.339,2250,2250
2021-04-27 00:30:43.141000,4188.701,4188.039,2250,4190
2021-04-27 00:30:43.192000,4188.764,4188.036,2250,2250
2021-04-27 00:30:43.657000,4188.748,4188.236,460,2250
2021-04-27 00:30:43.707000,4188.964,4188.299,2250,2250
2021-04-27 00:30:44.598000,4188.966,4188.336,460,2250
2021-04-27 00:30:44.649000,4189.052,4188.348,2250,2250
2021-04-27 00:30:44.757000,4188.764,4188.099,2250,4190
2021-04-27 00:30:44.807000,4188.764,4188.042,2250,2250
2021-04-27 00:31:02.032000,4188.552,4187.899,2250,2250
2021-04-27 00:31:02.537000,4188.261,4187.536,2250,4190
2021-04-27 00:31:02.587000,4188.249,4187.542,2250,2250
2021-04-27 00:31:16.058000,4188.26,4187.839,460,2250
2021-04-27 00:31:16.108000,4188.546,4187.833,2250,2250
2021-04-27 00:31:16.380000,4188.461,4187.739,2250,4190
2021-04-27 00:31:16.431000,4188.446,4187.745,2250,2250
2021-04-27 00:31:17.508000,4188.454,4187.851,460,2250
2021-04-27 00:31:17.559000,4188.549,4187.899,2250,2250
2021-04-27 00:31:18.311000,4188.264,4187.548,2250,4190
2021-04-27 00:31:18.362000,4188.252,4187.554,2250,2250
2021-04-27 00:31:18.818000,4188.254,4187.848,460,2250
2021-04-27 00:31:18.869000,4188.501,4187.839,2250,2250
2021-04-27 00:31:18.978000,4188.461,4187.754,2250,4190
2021-04-27 00:31:19.029000,4188.446,4187.748,2250,2250
2021-04-27 00:31:19.492000,4188.201,4187.548,2250,4190
2021-04-27 00:31:19.542000,4188.201,4187.548,2250,2250
2021-04-27 00:31:21.950000,4188.252,4187.545,2250,4190
2021-04-27 00:31:22.001000,4188.558,4187.839,2250,2250
2021-04-27 00:31:22.558000,4188.246,4187.548,2250,4190
2021-04-27 00:31:22.609000,4188.261,4187.551,2250,2250
2021-04-27 00:31:22.719000,4188.254,4187.899,460,2250
2021-04-27 00:31:22.770000,4188.561,4187.854,2250,2250
2021-04-27 00:31:56.783000,4188.563,4188.045,460,2250
2021-04-27 00:31:56.833000,4188.764,4188.051,2250,2250
2021-04-27 00:32:01.240000,4188.552,4187.848,2250,4190
2021-04-27 00:32:01.291000,4188.549,4187.848,2250,2250
2021-04-27 00:32:40.724000,4188.261,4187.554,2250,4190
2021-04-27 00:32:40.775000,4188.252,4187.548,2250,2250
2021-04-27 00:33:26.366000,4188.055,4187.351,2250,4190
2021-04-27 00:33:26.416000,4188.064,4187.354,2250,2250
2021-04-27 00:33:26.687000,4188.061,4187.333,2250,4190
2021-04-27 00:33:26.737000,4188.261,4187.539,2250,2250
2021-04-27 00:33:38.759000,4188.064,4187.345,2250,4190
2021-04-27 00:33:38.809000,4188.064,4187.345,2250,2250
2021-04-27 00:33:49.951000,4187.76,4187.348,460,2250
2021-04-27 00:33:50.002000,4187.749,4187.051,2250,2250
2021-04-27 00:34:00.841000,4187.749,4187.099,2250,4190
2021-04-27 00:34:00.891000,4188.055,4187.336,2250,2250
2021-04-27 00:34:11.065000,4187.758,4187.045,2250,4190
2021-04-27 00:34:11.115000,4187.767,4187.036,2250,2250
2021-04-27 00:34:14.522000,4187.751,4187.351,460,2250
2021-04-27 00:34:14.573000,4188.058,4187.336,2250,2250
2021-04-27 00:34:16.531000,4187.769,4187.399,460,2250
2021-04-27 00:34:16.581000,4187.767,4187.048,2250,2250
2021-04-27 00:34:16.686000,4187.703,4187.336,460,2250
2021-04-27 00:34:16.736000,4188.067,4187.336,2250,2250
2021-04-27 00:34:17.170000,4187.755,4187.099,2250,4190
2021-04-27 00:34:17.220000,4187.746,4187.045,2250,2250
2021-04-27 00:34:39.413000,4187.546,4186.842,2250,4190
2021-04-27 00:34:39.464000,4187.549,4186.833,2250,2250
2021-04-27 00:34:58.411000,4187.546,4186.833,2250,4190
2021-04-27 00:34:58.461000,4187.746,4187.051,2250,2250
2021-04-27 00:34:58.741000,4187.548,4187.054,460,2250
2021-04-27 00:34:58.791000,4187.555,4186.833,2250,2250
2021-04-27 00:35:02.510000,4187.063,4186.842,460,2250
2021-04-27 00:35:02.561000,4187.055,4186.348,2250,2250
2021-04-27 00:35:19.814000,4187.003,4186.539,460,2250
2021-04-27 00:35:19.864000,4187.201,4186.536,2250,2250
2021-04-27 00:35:26.497000,4187.257,4186.899,460,2250
2021-04-27 00:35:26.547000,4187.555,4186.845,2250,2250
2021-04-27 00:35:29.787000,4187.557,4187.042,460,2250
2021-04-27 00:35:29.837000,4187.749,4187.051,2250,2250
2021-04-27 00:35:49.265000,4187.766,4187.233,460,2250
2021-04-27 00:35:49.315000,4187.901,4187.248,2250,2250
2021-04-27 00:35:49.425000,4187.749,4187.039,2250,4190
2021-04-27 00:35:49.475000,4187.758,4187.033,2250,2250
2021-04-27 00:36:07.721000,4187.754,4187.342,460,2250
2021-04-27 00:36:07.772000,4188.052,4187.399,2250,2250
2021-04-27 00:36:12.136000,4188.063,4187.899,460,2250
2021-04-27 00:36:12.186000,4188.555,4187.848,2250,2250
2021-04-27 00:36:14.851000,4188.251,4187.854,460,2250
2021-04-27 00:36:14.902000,4188.264,4187.554,2250,2250
2021-04-27 00:36:15.453000,4188.251,4187.799,460,2250
2021-04-27 00:36:15.504000,4188.455,4187.736,2250,2250
2021-04-27 00:36:15.885000,4188.257,4187.799,460,2250
2021-04-27 00:36:15.936000,4188.267,4187.533,2250,2250
2021-04-27 00:36:18.606000,4188.201,4187.548,2250,4190
2021-04-27 00:36:18.657000,4188.546,4187.839,2250,2250
2021-04-27 00:36:34.015000,4188.264,4187.533,2250,4190
2021-04-27 00:36:34.066000,4188.267,4187.542,2250,2250
2021-04-27 00:36:51.964000,4188.067,4187.342,2250,4190
2021-04-27 00:36:52.015000,4188.046,4187.336,2250,2250
2021-04-27 00:36:56.959000,4188.066,4187.545,460,2250
2021-04-27 00:36:57.009000,4188.258,4187.551,2250,2250
2021-04-27 00:37:00.911000,4188.067,4187.399,2250,4190
2021-04-27 00:37:00.961000,4188.058,4187.336,2250,2250
2021-04-27 00:37:01.649000,4188.058,4187.339,2250,4190
2021-04-27 00:37:01.700000,4188.258,4187.554,2250,2250
2021-04-27 00:37:02.934000,4188.046,4187.399,2250,4190
2021-04-27 00:37:02.985000,4188.061,4187.333,2250,2250
2021-04-27 00:37:04.696000,4188.046,4187.399,2250,4190
2021-04-27 00:37:04.746000,4188.252,4187.545,2250,2250
2021-04-27 00:37:17.934000,4188.263,4187.848,460,2250
2021-04-27 00:37:17.984000,4188.549,4187.899,2250,2250
2021-04-27 00:37:22.079000,4188.248,4187.845,460,2250
2021-04-27 00:37:22.129000,4188.258,4187.533,2250,2250
2021-04-27 00:37:47.618000,4188.26,4187.836,460,2250
2021-04-27 00:37:47.668000,4188.546,4187.842,2250,2250
2021-04-27 00:38:06.759000,4188.503,4188.042,460,2250
2021-04-27 00:38:06.809000,4188.764,4188.054,2250,2250
2021-04-27 00:38:21.247000,4188.549,4187.854,2250,4190
2021-04-27 00:38:21.297000,4188.552,4187.839,2250,2250
2021-04-27 00:38:43.775000,4188.203,4187.845,460,2250
2021-04-27 00:38:43.825000,4188.267,4187.545,2250,2250
2021-04-27 00:38:44.298000,4188.257,4187.751,460,2250
2021-04-27 00:38:44.348000,4188.446,4187.745,2250,2250
2021-04-27 00:38:46.867000,4188.455,4187.739,2250,4190
2021-04-27 00:38:46.917000,4188.546,4187.836,2250,2250
2021-04-27 00:38:51.242000,4188.264,4187.533,2250,4190
2021-04-27 00:38:51.293000,4188.267,4187.551,2250,2250
2021-04-27 00:38:52.646000,4188.203,4187.854,460,2250
2021-04-27 00:38:52.696000,4188.546,4187.845,2250,2250
2021-04-27 00:38:59.026000,4188.252,4187.536,2250,4190
2021-04-27 00:38:59.076000,4188.264,4187.533,2250,2250
2021-04-27 00:38:59.347000,4188.254,4187.842,460,2250
2021-04-27 00:38:59.398000,4188.501,4187.851,2250,2250
2021-04-27 00:38:59.970000,4188.26,4187.839,460,2250
2021-04-27 00:39:00.021000,4188.249,4187.539,2250,2250
2021-04-27 00:39:02.182000,4188.269,4187.854,460,2250
2021-04-27 00:39:02.233000,4188.567,4187.833,2250,2250
2021-04-27 00:39:12.575000,4188.463,4187.839,460,2250
2021-04-27 00:39:12.625000,4188.446,4187.751,2250,2250
2021-04-27 00:39:12.895000,4188.258,4187.599,2250,4190
2021-04-27 00:39:12.946000,4188.264,4187.542,2250,2250
2021-04-27 00:39:14.340000,4188.267,4187.533,2250,4190
2021-04-27 00:39:14.390000,4188.561,4187.848,2250,2250
2021-04-27 00:39:24.378000,4188.501,4187.833,2250,4190
2021-04-27 00:39:24.428000,4188.749,4188.042,2250,2250
2021-04-27 00:39:42.423000,4188.749,4188.045,2250,4190
2021-04-27 00:39:42.474000,4189.001,4188.354,2250,2250
2021-04-27 00:39:44.704000,4188.758,4188.039,2250,2250
2021-04-27 00:39:44.862000,4188.751,4188.342,460,2250
2021-04-27 00:39:44.912000,4189.064,4188.333,2250,2250
2021-04-27 00:39:45.278000,4188.752,4188.039,2250,4190
2021-04-27 00:39:45.328000,4188.761,4188.048,2250,2250
2021-04-27 00:39:48.231000,4188.703,4188.233,460,2250
2021-04-27 00:39:48.282000,4188.961,4188.236,2250,2250
2021-04-27 00:39:48.392000,4188.746,4188.048,2250,4190
2021-04-27 00:39:48.442000,4188.701,4188.099,2250,2250
2021-04-27 00:40:00.113000,4188.748,4188.345,460,2250
2021-04-27 00:40:00.163000,4189.046,4188.351,2250,2250
2021-04-27 00:40:00.276000,4188.955,4188.233,2250,4190
2021-04-27 00:40:00.327000,4188.961,4188.245,2250,2250
2021-04-27 00:40:00.435000,4188.954,4188.345,460,2250
2021-04-27 00:40:00.485000,4189.046,4188.336,2250,2250
2021-04-27 00:40:01.282000,4188.767,4188.039,2250,4190
2021-04-27 00:40:01.333000,4188.761,4188.054,2250,2250
2021-04-27 00:40:04.183000,4188.703,4188.299,460,2250
2021-04-27 00:40:04.234000,4188.901,4188.239,2250,2250
2021-04-27 00:40:04.443000,4188.701,4188.036,2250,4190
2021-04-27 00:40:04.493000,4188.758,4188.039,2250,2250
2021-04-27 00:40:08.615000,4188.751,4188.351,460,2250
2021-04-27 00:40:08.665000,4189.067,4188.399,2250,2250
2021-04-27 00:40:10.816000,4188.755,4188.042,2250,4190
2021-04-27 00:40:10.867000,4188.752,4188.036,2250,2250
2021-04-27 00:40:15.692000,4188.757,4188.351,460,2250
2021-04-27 00:40:15.743000,4189.064,4188.345,2250,2250
2021-04-27 00:40:35.256000,4189.048,4188.539,460,2250
2021-04-27 00:40:35.306000,4189.201,4188.539,2250,2250
2021-04-27 00:40:48.926000,4189.003,4188.536,460,2250
2021-04-27 00:40:48.977000,4189.061,4188.345,2250,2250
2021-04-27 00:40:51.092000,4189.051,4188.599,460,2250
2021-04-27 00:40:51.142000,4189.258,4188.545,2250,2250
2021-04-27 00:40:54.887000,4189.064,4188.399,2250,4190
2021-04-27 00:40:54.938000,4189.061,4188.339,2250,2250
2021-04-27 00:40:59.482000,4189.054,4188.545,460,2250
2021-04-27 00:40:59.533000,4189.255,4188.551,2250,2250
2021-04-27 00:40:59.643000,4189.158,4188.454,2250,4190
2021-04-27 00:40:59.693000,4189.146,4188.439,2250,2250
2021-04-27 00:41:00.291000,4189.055,4188.345,2250,4190
2021-04-27 00:41:00.342000,4189.049,4188.339,2250,2250
2021-04-27 00:41:02.177000,4189.048,4188.554,460,2250
2021-04-27 00:41:02.227000,4189.255,4188.551,2250,2250
2021-04-27 00:41:02.890000,4189.067,4188.351,2250,4190
2021-04-27 00:41:02.941000,4189.052,4188.336,2250,2250
2021-04-27 00:41:06.308000,4189.063,4188.542,460,2250
2021-04-27 00:41:06.359000,4189.249,4188.545,2250,2250
2021-04-27 00:42:31.051000,4189.003,4188.599,460,2250
2021-04-27 00:42:31.102000,4189.064,4188.345,2250,2250
2021-04-27 00:42:31.531000,4189.063,4188.439,460,2250
2021-04-27 00:42:31.582000,4189.161,4188.499,2250,2250
2021-04-27 00:42:31.693000,4189.157,4188.536,460,2250
2021-04-27 00:42:31.743000,4189.258,4188.599,2250,2250
2021-04-27 00:42:34.191000,4189.067,4188.342,2250,4190
2021-04-27 00:42:34.242000,4189.064,4188.348,2250,2250
2021-04-27 00:42:44.033000,4188.761,4188.054,2250,4190
2021-04-27 00:42:44.084000,4188.761,4188.036,2250,2250
2021-04-27 00:43:21.865000,4188.567,4187.845,2250,4190
2021-04-27 00:43:21.915000,4188.549,4187.845,2250,2250
2021-04-27 00:43:52.032000,4188.254,4187.899,460,2250
2021-04-27 00:43:52.082000,4188.261,4187.554,2250,2250
2021-04-27 00:44:15.480000,4188.249,4187.539,2250,4190
2021-04-27 00:44:15.530000,4188.501,4187.839,2250,2250
2021-04-27 00:44:18.780000,4188.258,4187.554,2250,4190
2021-04-27 00:44:18.831000,4188.252,4187.539,2250,2250
2021-04-27 00:44:19.325000,4188.248,4187.899,460,2250
2021-04-27 00:44:19.375000,4188.564,4187.836,2250,2250
2021-04-27 00:44:39.224000,4188.258,4187.551,2250,4190
2021-04-27 00:44:39.275000,4188.261,4187.548,2250,2250
2021-04-27 00:44:39.698000,4188.257,4187.845,460,2250
2021-04-27 00:44:39.748000,4188.567,4187.854,2250,2250
2021-04-27 00:44:43.500000,4188.449,4187.745,2250,4190
2021-04-27 00:44:43.550000,4188.464,4187.751,2250,2250
2021-04-27 00:44:43.657000,4188.448,4187.854,460,2250
2021-04-27 00:44:43.707000,4188.549,4187.854,2250,2250
2021-04-27 00:44:45.126000,4188.452,4187.799,2250,4190
2021-04-27 00:44:45.177000,4188.452,4187.733,2250,2250
2021-04-27 00:44:46.512000,4188.255,4187.599,2250,4190
2021-04-27 00:44:46.562000,4188.255,4187.545,2250,2250
2021-04-27 00:44:50.149000,4188.248,4187.733,460,2250
2021-04-27 00:44:50.199000,4188.467,4187.733,2250,2250
2021-04-27 00:44:50.766000,4188.454,4187.836,460,2250
2021-04-27 00:44:50.817000,4188.552,4187.851,2250,2250
2021-04-27 00:44:55.589000,4188.246,4187.554,2250,4190
2021-04-27 00:44:55.640000,4188.255,4187.551,2250,2250
2021-04-27 00:45:02.251000,4188.067,4187.336,2250,4190
2021-04-27 00:45:02.302000,4188.061,4187.348,2250,2250
2021-04-27 00:45:21.115000,4188.003,4187.545,460,2250
2021-04-27 00:45:21.166000,4188.246,4187.536,2250,2250
2021-04-27 00:45:24.472000,4188.054,4187.533,460,2250
2021-04-27 00:45:24.522000,4188.049,4187.348,2250,2250
2021-04-27 00:45:49.154000,4188.003,4187.554,460,2250
2021-04-27 00:45:49.204000,4188.264,4187.599,2250,2250
2021-04-27 00:45:51.491000,4188.267,4187.536,2250,4190
2021-04-27 00:45:51.542000,4188.501,4187.836,2250,2250
2021-04-27 00:45:57.141000,4188.201,4187.551,2250,4190
2021-04-27 00:45:57.192000,4188.246,4187.536,2250,2250
2021-04-27 00:46:10.906000,4188.258,4187.551,2250,4190
2021-04-27 00:46:10.957000,4188.501,4187.836,2250,2250
2021-04-27 00:46:34.910000,4188.56,4188.099,460,2250
2021-04-27 00:46:34.960000,4188.758,4188.039,2250,2250
2021-04-27 00:46:47.076000,4188.76,4188.336,460,2250
2021-04-27 00:46:47.127000,4189.064,4188.339,2250,2250
2021-04-27 00:46:47.683000,4188.749,4188.051,2250,4190
2021-04-27 00:46:47.734000,4188.758,4188.036,2250,2250
2021-04-27 00:46:55.052000,4188.752,4188.042,2250,4190
2021-04-27 00:46:55.102000,4188.958,4188.242,2250,2250
2021-04-27 00:46:55.210000,4188.752,4188.051,2250,4190
2021-04-27 00:46:55.261000,4188.767,4188.045,2250,2250
2021-04-27 00:46:56.412000,4188.754,4188.239,460,2250
2021-04-27 00:46:56.462000,4188.955,4188.248,2250,2250
2021-04-27 00:46:56.575000,4188.951,4188.342,460,2250
2021-04-27 00:46:56.625000,4189.052,4188.333,2250,2250
2021-04-27 00:46:57.019000,4188.749,4188.033,2250,4190
2021-04-27 00:46:57.069000,4188.761,4188.054,2250,2250
2021-04-27 00:46:57.179000,4188.751,4188.336,460,2250
2021-04-27 00:46:57.229000,4189.061,4188.342,2250,2250
2021-04-27 00:46:59.121000,4188.758,4188.051,2250,4190
2021-04-27 00:46:59.172000,4188.755,4188.039,2250,2250
2021-04-27 00:47:57.030000,4188.755,4188.051,2250,4190
2021-04-27 00:47:57.080000,4189.055,4188.348,2250,2250
2021-04-27 00:48:03.985000,4188.76,4188.351,460,2250
2021-04-27 00:48:04.036000,4188.749,4188.039,2250,2250
2021-04-27 00:48:04.147000,4188.748,4188.336,460,2250
2021-04-27 00:48:04.197000,4189.058,4188.336,2250,2250
2021-04-27 00:48:11.384000,4188.749,4188.048,2250,4190
2021-04-27 00:48:11.434000,4188.761,4188.054,2250,2250
2021-04-27 00:48:12.353000,4188.703,4188.242,460,2250
2021-04-27 00:48:12.403000,4188.901,4188.251,2250,2250
2021-04-27 00:48:12.588000,4188.701,4188.042,2250,4190
2021-04-27 00:48:12.638000,4188.758,4188.042,2250,2250
2021-04-27 00:48:28.834000,4188.751,4188.348,460,2250
2021-04-27 00:48:28.884000,4189.058,4188.348,2250,2250
2021-04-27 00:48:53.872000,4188.749,4188.051,2250,4190
2021-04-27 00:48:53.922000,4188.758,4188.048,2250,2250
2021-04-27 00:52:08.488000,4188.764,4188.054,2250,4190
2021-04-27 00:52:08.538000,4189.064,4188.339,2250,2250
2021-04-27 00:53:25.237000,4189.003,4188.533,460,2250
2021-04-27 00:53:25.287000,4189.261,4188.533,2250,2250
2021-04-27 00:53:25.904000,4189.052,4188.399,2250,4190
2021-04-27 00:53:25.954000,4189.064,4188.351,2250,2250
2021-04-27 00:53:31.785000,4189.063,4188.548,460,2250
2021-04-27 00:53:31.836000,4189.255,4188.554,2250,2250
2021-04-27 00:53:55.211000,4189.052,4188.345,2250,4190
2021-04-27 00:53:55.262000,4189.046,4188.345,2250,2250
2021-04-27 00:54:03.058000,4188.76,4188.348,460,2250
2021-04-27 00:54:03.108000,4188.752,4188.039,2250,2250
2021-04-27 00:54:19.225000,4188.763,4188.336,460,2250
2021-04-27 00:54:19.275000,4189.067,4188.348,2250,2250
2021-04-27 00:54:40.745000,4188.764,4188.048,2250,4190
2021-04-27 00:54:40.795000,4188.755,4188.039,2250,2250
2021-04-27 00:55:15.597000,4188.564,4187.899,2250,4190
2021-04-27 00:55:15.647000,4188.552,4187.851,2250,2250
2021-04-27 00:55:26.138000,4188.566,4188.036,460,2250
2021-04-27 00:55:26.189000,4188.752,4188.033,2250,2250
2021-04-27 00:55:55.793000,4188.558,4187.842,2250,4190
2021-04-27 00:55:55.843000,4188.555,4187.851,2250,2250
2021-04-27 00:55:58.870000,4188.558,4187.842,2250,4190
2021-04-27 00:55:58.921000,4188.758,4188.045,2250,2250
2021-04-27 00:56:00.078000,4188.667,4187.945,2250,4190
2021-04-27 00:56:00.128000,4188.667,4187.951,2250,2250
2021-04-27 00:56:00.707000,4188.658,4187.951,2250,4190
2021-04-27 00:56:00.758000,4188.761,4188.054,2250,2250
2021-04-27 00:56:01.075000,4188.648,4188.042,460,2250
2021-04-27 00:56:01.125000,4188.652,4187.954,2250,2250
2021-04-27 00:56:01.581000,4188.654,4188.033,460,2250
2021-04-27 00:56:01.632000,4188.746,4188.051,2250,2250
2021-04-27 00:56:02.083000,4188.652,4187.945,2250,4190
2021-04-27 00:56:02.133000,4188.667,4187.933,2250,2250
2021-04-27 00:56:02.283000,4188.663,4188.048,460,2250
2021-04-27 00:56:02.333000,4188.761,4188.042,2250,2250
2021-04-27 00:56:03.076000,4188.667,4187.999,2250,4190
2021-04-27 00:56:03.126000,4188.667,4187.933,2250,2250
2021-04-27 00:56:04.121000,4188.558,4187.854,2250,4190
2021-04-27 00:56:04.171000,4188.501,4187.899,2250,2250
2021-04-27 00:56:19.221000,4188.566,4188.033,460,2250
2021-04-27 00:56:19.271000,4188.761,4188.051,2250,2250
2021-04-27 00:56:46.898000,4188.763,4188.254,460,2250
2021-04-27 00:56:46.949000,4188.955,4188.299,2250,2250
2021-04-27 00:56:47.050000,4188.963,4188.333,460,2250
2021-04-27 00:56:47.101000,4189.061,4188.333,2250,2250
2021-04-27 00:56:49.391000,4188.758,4188.036,2250,4190
2021-04-27 00:56:49.441000,4188.761,4188.054,2250,2250
2021-04-27 00:57:15.657000,4188.748,4188.399,460,2250
2021-04-27 00:57:15.707000,4189.064,4188.354,2250,2250
2021-04-27 00:58:34.883000,4189.069,4188.448,460,2250
2021-04-27 00:58:34.933000,4189.149,4188.451,2250,2250
2021-04-27 00:58:35.391000,4189.061,4188.348,2250,4190
2021-04-27 00:58:35.442000,4189.049,4188.399,2250,2250
2021-04-27 00:58:40.576000,4189.06,4188.554,460,2250
2021-04-27 00:58:40.626000,4189.252,4188.548,2250,2250
2021-04-27 00:59:23.538000,4189.248,4188.845,460,2250
2021-04-27 00:59:23.588000,4189.546,4188.854,2250,2250
2021-04-27 00:59:24.451000,4189.566,4189.054,460,2250
2021-04-27 00:59:24.501000,4189.701,4189.033,2250,2250
2021-04-27 00:59:24.771000,4189.564,4188.836,2250,4190
2021-04-27 00:59:24.822000,4189.546,4188.854,2250,2250
2021-04-27 00:59:33.782000,4189.264,4188.536,2250,4190
2021-04-27 00:59:33.832000,4189.267,4188.548,2250,2250
2021-04-27 00:59:35.461000,4189.201,4188.599,2250,4190
2021-04-27 00:59:35.511000,4189.549,4188.851,2250,2250
2021-04-27 00:59:52.617000,4189.267,4188.545,2250,4190
2021-04-27 00:59:52.667000,4189.252,4188.539,2250,2250
2021-04-27 01:00:03.453000,4189.251,4188.836,460,2250
2021-04-27 01:00:03.503000,4189.549,4188.842,2250,2250
2021-04-27 01:00:11.081000,4189.255,4188.554,2250,4190
2021-04-27 01:00:11.133000,4189.255,4188.548,2250,2250
2021-04-27 01:00:14.452000,4189.261,4188.545,2250,4190
2021-04-27 01:00:14.502000,4189.561,4188.851,2250,2250
2021-04-27 01:00:28.184000,4189.267,4188.554,2250,4190
2021-04-27 01:00:28.235000,4189.201,4188.545,2250,2250
2021-04-27 01:00:33.441000,4189.201,4188.548,2250,4190
2021-04-27 01:00:33.492000,4189.552,4188.848,2250,2250
2021-04-27 01:00:45.208000,4189.558,4188.845,2250,4190
2021-04-27 01:00:45.258000,4189.755,4189.036,2250,2250
2021-04-27 01:01:11.717000,4189.558,4188.899,2250,4190
2021-04-27 01:01:11.768000,4189.561,4188.854,2250,2250
2021-04-27 01:01:22.146000,4189.252,4188.548,2250,4190
2021-04-27 01:01:22.197000,4189.249,4188.548,2250,2250
2021-04-27 01:01:22.306000,4189.263,4188.799,460,2250
2021-04-27 01:01:22.356000,4189.464,4188.754,2250,2250
2021-04-27 01:01:22.709000,4189.451,4188.836,460,2250
2021-04-27 01:01:22.759000,4189.552,4188.842,2250,2250
2021-04-27 01:01:25.148000,4189.446,4188.736,2250,4190
2021-04-27 01:01:25.199000,4189.452,4188.736,2250,2250
2021-04-27 01:01:26.072000,4189.457,4188.848,460,2250
2021-04-27 01:01:26.122000,4189.564,4188.836,2250,2250
2021-04-27 01:01:31.704000,4189.551,4189.039,460,2250
2021-04-27 01:01:31.755000,4189.701,4189.054,2250,2250
2021-04-27 01:01:53.057000,4189.758,4189.045,2250,4190
2021-04-27 01:01:53.107000,4190.249,4189.545,2250,2250
2021-04-27 01:01:53.216000,4190.064,4189.339,2250,4190
2021-04-27 01:01:53.266000,4190.064,4189.351,2250,2250
2021-04-27 01:01:57.366000,4189.769,4189.351,460,2250
2021-04-27 01:01:57.417000,4189.701,4189.054,2250,2250
2021-04-27 01:02:00.909000,4189.757,4189.348,460,2250
2021-04-27 01:02:00.959000,4190.049,4189.351,2250,2250
2021-04-27 01:02:04.650000,4189.748,4189.336,460,2250
2021-04-27 01:02:04.700000,4189.755,4189.051,2250,2250
2021-04-27 01:02:04.809000,4189.76,4189.333,460,2250
2021-04-27 01:02:04.860000,4190.058,4189.399,2250,2250
2021-04-27 01:02:05.480000,4189.703,4189.354,460,2250
2021-04-27 01:02:05.530000,4189.752,4189.039,2250,2250
2021-04-27 01:02:06.681000,4189.769,4189.236,460,2250
2021-04-27 01:02:06.731000,4189.952,4189.254,2250,2250
2021-04-27 01:02:07.001000,4189.763,4189.299,460,2250
2021-04-27 01:02:07.051000,4189.701,4189.033,2250,2250
2021-04-27 01:02:33.820000,4189.561,4188.842,2250,4190
2021-04-27 01:02:33.870000,4189.549,4188.854,2250,2250
2021-04-27 01:02:42.709000,4189.569,4189.033,460,2250
2021-04-27 01:02:42.760000,4189.767,4189.036,2250,2250
2021-04-27 01:03:11.053000,4189.56,4189.099,460,2250
2021-04-27 01:03:11.104000,4189.561,4188.848,2250,2250
2021-04-27 01:03:12.683000,4189.558,4188.836,2250,4190
2021-04-27 01:03:12.733000,4189.667,4188.936,2250,2250
2021-04-27 01:03:13.053000,4189.564,4188.851,2250,4190
2021-04-27 01:03:13.103000,4189.555,4188.899,2250,2250
2021-04-27 01:03:13.215000,4189.551,4189.042,460,2250
2021-04-27 01:03:13.265000,4189.758,4189.051,2250,2250
2021-04-27 01:03:14.188000,4189.503,4189.048,460,2250
2021-04-27 01:03:14.239000,4189.552,4188.854,2250,2250
2021-04-27 01:03:24.811000,4189.249,4188.599,2250,4190
2021-04-27 01:03:24.861000,4189.267,4188.551,2250,2250
2021-04-27 01:03:31.770000,4189.26,4188.833,460,2250
2021-04-27 01:03:31.820000,4189.501,4188.842,2250,2250
2021-04-27 01:03:32.103000,4189.258,4188.542,2250,4190
2021-04-27 01:03:32.153000,4189.264,4188.542,2250,2250
2021-04-27 01:03:32.737000,4189.269,4188.854,460,2250
2021-04-27 01:03:32.787000,4189.567,4188.833,2250,2250
2021-04-27 01:04:18.273000,4189.258,4188.545,2250,4190
2021-04-27 01:04:18.323000,4189.258,4188.533,2250,2250
2021-04-27 01:04:18.754000,4189.266,4188.751,460,2250
2021-04-27 01:04:18.805000,4189.446,4188.748,2250,2250
2021-04-27 01:04:19.090000,4189.255,4188.542,2250,4190
2021-04-27 01:04:19.141000,4189.249,4188.539,2250,2250
2021-04-27 01:04:27.557000,4189.201,4188.542,2250,4190
2021-04-27 01:04:27.608000,4189.561,4188.854,2250,2250
2021-04-27 01:04:28.249000,4189.266,4188.833,460,2250
2021-04-27 01:04:28.299000,4189.252,4188.554,2250,2250
2021-04-27 01:04:35.767000,4189.266,4188.736,460,2250
2021-04-27 01:04:35.818000,4189.455,4188.739,2250,2250
2021-04-27 01:04:37.040000,4189.455,4188.742,2250,4190
2021-04-27 01:04:37.091000,4189.564,4188.848,2250,2250
2021-04-27 01:04:39.793000,4189.264,4188.554,2250,4190
2021-04-27 01:04:39.844000,4189.261,4188.554,2250,2250
2021-04-27 01:04:44.501000,4189.254,4188.736,460,2250
2021-04-27 01:04:44.551000,4189.452,4188.733,2250,2250
2021-04-27 01:04:44.680000,4189.252,4188.548,2250,4190
2021-04-27 01:04:44.730000,4189.246,4188.554,2250,2250
2021-04-27 01:04:50.359000,4189.248,4188.839,460,2250
2021-04-27 01:04:50.410000,4189.567,4188.851,2250,2250
2021-04-27 01:04:51.721000,4189.269,4188.833,460,2250
2021-04-27 01:04:51.771000,4189.246,4188.533,2250,2250
2021-04-27 01:04:54.483000,4189.269,4188.836,460,2250
2021-04-27 01:04:54.558000,4189.501,4188.851,2250,2250
2021-04-27 01:05:03.453000,4189.251,4188.842,460,2250
2021-04-27 01:05:03.503000,4189.246,4188.533,2250,2250
2021-04-27 01:05:48.610000,4189.058,4188.351,2250,4190
2021-04-27 01:05:48.660000,4189.049,4188.339,2250,2250
2021-04-27 01:05:51.018000,4189.06,4188.533,460,2250
2021-04-27 01:05:51.068000,4189.246,4188.536,2250,2250
2021-04-27 01:06:02.229000,4189.049,4188.399,2250,4190
2021-04-27 01:06:02.280000,4189.058,4188.399,2250,2250
2021-04-27 01:06:14.721000,4188.76,4188.348,460,2250
2021-04-27 01:06:14.771000,4188.761,4188.054,2250,2250
2021-04-27 01:06:36.015000,4188.548,4188.042,460,2250
2021-04-27 01:06:36.066000,4188.567,4187.833,2250,2250
2021-04-27 01:06:55.023000,4188.554,4188.042,460,2250
2021-04-27 01:06:55.074000,4188.764,4188.099,2250,2250
2021-04-27 01:06:56.660000,4188.56,4188.099,460,2250
2021-04-27 01:06:56.710000,4188.558,4187.854,2250,2250
2021-04-27 01:07:11.719000,4188.267,4187.533,2250,4190
2021-04-27 01:07:11.769000,4188.267,4187.554,2250,2250
2021-04-27 01:07:17.762000,4188.252,4187.548,2250,4190
2021-04-27 01:07:17.812000,4188.464,4187.745,2250,2250
2021-04-27 01:07:18.203000,4188.469,4187.854,460,2250
2021-04-27 01:07:18.253000,4188.552,4187.899,2250,2250
2021-04-27 01:07:18.367000,4188.446,4187.754,2250,4190
2021-04-27 01:07:18.418000,4188.467,4187.745,2250,2250
2021-04-27 01:07:18.523000,4188.261,4187.533,2250,2250
2021-04-27 01:07:19.186000,4188.26,4187.739,460,2250
2021-04-27 01:07:19.236000,4188.446,4187.799,2250,2250
2021-04-27 01:07:19.348000,4188.457,4187.899,460,2250
2021-04-27 01:07:19.399000,4188.549,4187.845,2250,2250
2021-04-27 01:07:33.726000,4188.551,4188.051,460,2250
2021-04-27 01:07:33.776000,4188.764,4188.051,2250,2250
2021-04-27 01:07:57.670000,4188.751,4188.351,460,2250
2021-04-27 01:07:57.720000,4189.049,4188.333,2250,2250
2021-04-27 01:08:04.446000,4188.769,4188.348,460,2250
2021-04-27 01:08:04.496000,4188.752,4188.045,2250,2250
2021-04-27 01:08:18.169000,4188.549,4187.851,2250,4190
2021-04-27 01:08:18.219000,4188.549,4187.833,2250,2250
2021-04-27 01:08:20.778000,4188.56,4188.051,460,2250
2021-04-27 01:08:20.829000,4188.755,4188.054,2250,2250
2021-04-27 01:08:25.929000,4188.76,4188.399,460,2250
2021-04-27 01:08:25.980000,4189.067,4188.351,2250,2250
2021-04-27 01:09:28.115000,4189.048,4188.539,460,2250
2021-04-27 01:09:28.166000,4189.264,4188.599,2250,2250
2021-04-27 01:09:28.277000,4189.054,4188.542,460,2250
2021-04-27 01:09:28.327000,4189.058,4188.348,2250,2250
2021-04-27 01:09:45.064000,4188.961,4188.242,2250,4190
2021-04-27 01:09:45.114000,4188.967,4188.254,2250,2250
2021-04-27 01:09:45.938000,4188.701,4188.051,2250,4190
2021-04-27 01:09:45.988000,4188.767,4188.099,2250,2250
2021-04-27 01:09:52.204000,4188.748,4188.254,460,2250
2021-04-27 01:09:52.254000,4188.901,4188.233,2250,2250
2021-04-27 01:09:52.654000,4188.764,4188.042,2250,4190
2021-04-27 01:09:52.705000,4188.758,4188.054,2250,2250
2021-04-27 01:09:53.693000,4188.769,4188.342,460,2250
2021-04-27 01:09:53.743000,4189.049,4188.333,2250,2250
2021-04-27 01:09:58.155000,4188.755,4188.036,2250,4190
2021-04-27 01:09:58.205000,4188.767,4188.042,2250,2250
2021-04-27 01:10:05.619000,4188.658,4187.954,2250,4190
2021-04-27 01:10:05.669000,4188.667,4187.939,2250,2250
2021-04-27 01:10:05.780000,4188.549,4187.842,2250,4190
2021-04-27 01:10:05.830000,4188.555,4187.848,2250,2250
2021-04-27 01:10:14.879000,4188.551,4188.045,460,2250
2021-04-27 01:10:14.930000,4188.767,4188.048,2250,2250
2021-04-27 01:11:02.424000,4188.566,4188.033,460,2250
2021-04-27 01:11:02.474000,4188.561,4187.899,2250,2250
2021-04-27 01:11:15.458000,4188.551,4188.039,460,2250
2021-04-27 01:11:15.509000,4188.746,4188.048,2250,2250
2021-04-27 01:11:17.919000,4188.567,4187.845,2250,4190
2021-04-27 01:11:17.969000,4188.567,4187.836,2250,2250
2021-04-27 01:11:30.203000,4188.501,4187.833,2250,4190
2021-04-27 01:11:30.254000,4188.761,4188.045,2250,2250
2021-04-27 01:12:33.909000,4188.758,4188.045,2250,4190
2021-04-27 01:12:33.960000,4189.046,4188.354,2250,2250
2021-04-27 01:12:56.890000,4188.76,4188.351,460,2250
2021-04-27 01:12:56.941000,4188.767,4188.051,2250,2250
2021-04-27 01:13:15.169000,4188.748,4188.333,460,2250
2021-04-27 01:13:15.219000,4189.058,4188.351,2250,2250
2021-04-27 01:13:15.503000,4188.764,4188.051,2250,4190
2021-04-27 01:13:15.553000,4188.764,4188.051,2250,2250
2021-04-27 01:13:22.986000,4188.757,4188.354,460,2250
2021-04-27 01:13:23.036000,4189.055,4188.342,2250,2250
2021-04-27 01:13:23.309000,4188.949,4188.233,2250,4190
2021-04-27 01:13:23.359000,4188.967,4188.245,2250,2250
2021-04-27 01:13:23.661000,4188.748,4188.254,460,2250
2021-04-27 01:13:23.712000,4188.758,4188.048,2250,2250
2021-04-27 01:13:23.981000,4188.76,4188.242,460,2250
2021-04-27 01:13:24.031000,4188.961,4188.239,2250,2250
2021-04-27 01:13:24.142000,4188.766,4188.245,460,2250
2021-04-27 01:13:24.192000,4188.758,4188.045,2250,2250
2021-04-27 01:13:27.036000,4188.748,4188.239,460,2250
2021-04-27 01:13:27.087000,4188.964,4188.245,2250,2250
2021-04-27 01:13:27.197000,4188.949,4188.299,2250,4190
2021-04-27 01:13:27.248000,4189.049,4188.336,2250,2250
2021-04-27 01:13:29.119000,4188.961,4188.245,2250,4190
2021-04-27 01:13:29.169000,4188.949,4188.254,2250,2250
2021-04-27 01:13:30.475000,4188.703,4188.233,460,2250
2021-04-27 01:13:30.525000,4188.767,4188.099,2250,2250
2021-04-27 01:13:37.708000,4188.546,4187.845,2250,4190
2021-04-27 01:13:37.759000,4188.552,4187.899,2250,2250
2021-04-27 01:13:46.577000,4188.569,4187.936,460,2250
2021-04-27 01:13:46.627000,4188.661,4187.951,2250,2250
2021-04-27 01:13:46.737000,4188.657,4188.045,460,2250
2021-04-27 01:13:46.787000,4188.701,4188.045,2250,2250
2021-04-27 01:13:48.508000,4188.669,4188.054,460,2250
2021-04-27 01:13:48.558000,4188.664,4187.933,2250,2250
2021-04-27 01:13:48.669000,4188.669,4188.099,460,2250
2021-04-27 01:13:48.720000,4188.701,4188.036,2250,2250
2021-04-27 01:13:49.332000,4188.655,4187.999,2250,4190
2021-04-27 01:13:49.382000,4188.652,4187.936,2250,2250
2021-04-27 01:13:51.534000,4188.554,4187.939,460,2250
2021-04-27 01:13:51.584000,4188.546,4187.899,2250,2250
2021-04-27 01:13:53.853000,4188.503,4187.954,460,2250
2021-04-27 01:13:53.904000,4188.661,4187.945,2250,2250
2021-04-27 01:13:54.023000,4188.669,4188.033,460,2250
2021-04-27 01:13:54.073000,4188.746,4188.051,2250,2250
2021-04-27 01:14:14.418000,4188.552,4187.845,2250,4190
2021-04-27 01:14:14.468000,4188.567,4187.836,2250,2250
2021-04-27 01:14:30.721000,4188.503,4188.042,460,2250
2021-04-27 01:14:30.771000,4188.746,4188.039,2250,2250
2021-04-27 01:15:02.785000,4188.561,4187.854,2250,4190
2021-04-27 01:15:02.835000,4188.561,4187.899,2250,2250
2021-04-27 01:15:07.506000,4188.254,4187.845,460,2250
2021-04-27 01:15:07.556000,4188.258,4187.599,2250,2250
2021-04-27 01:15:07.667000,4188.254,4187.839,460,2250
2021-04-27 01:15:07.718000,4188.558,4187.848,2250,2250
2021-04-27 01:15:08.152000,4188.252,4187.599,2250,4190
2021-04-27 01:15:08.203000,4188.261,4187.599,2250,2250
2021-04-27 01:15:15.755000,4188.26,4187.899,460,2250
2021-04-27 01:15:15.805000,4188.546,4187.845,2250,2250
2021-04-27 01:15:19.098000,4188.561,4187.899,2250,4190
2021-04-27 01:15:19.148000,4188.764,4188.036,2250,2250
2021-04-27 01:15:19.947000,4188.549,4187.836,2250,4190
2021-04-27 01:15:19.997000,4188.561,4187.842,2250,2250
2021-04-27 01:15:27.647000,4188.551,4187.951,460,2250
2021-04-27 01:15:27.698000,4188.655,4187.942,2250,2250
2021-04-27 01:15:27.986000,4188.654,4188.048,460,2250
2021-04-27 01:15:28.036000,4188.701,4188.099,2250,2250
2021-04-27 01:15:28.146000,4188.661,4187.954,2250,4190
2021-04-27 01:15:28.196000,4188.601,4187.954,2250,2250
2021-04-27 01:15:28.308000,4188.501,4187.851,2250,4190
2021-04-27 01:15:28.358000,4188.558,4187.833,2250,2250
2021-04-27 01:15:28.935000,4188.554,4188.051,460,2250
2021-04-27 01:15:28.986000,4188.761,4188.048,2250,2250
2021-04-27 01:15:36.996000,4188.651,4188.045,460,2250
2021-04-27 01:15:37.047000,4188.667,4187.936,2250,2250
2021-04-27 01:15:37.157000,4188.666,4188.048,460,2250
2021-04-27 01:15:37.208000,4188.746,4188.036,2250,2250
2021-04-27 01:15:44.120000,4188.548,4188.042,460,2250
2021-04-27 01:15:44.171000,4188.549,4187.833,2250,2250
2021-04-27 01:15:49.965000,4188.269,4187.833,460,2250
2021-04-27 01:15:50.016000,4188.267,4187.533,2250,2250
2021-04-27 01:16:01.717000,4188.203,4187.842,460,2250
2021-04-27 01:16:01.767000,4188.561,4187.842,2250,2250
2021-04-27 01:16:02.040000,4188.26,4187.842,460,2250
2021-04-27 01:16:02.090000,4188.246,4187.545,2250,2250
2021-04-27 01:16:02.199000,4188.266,4187.851,460,2250
2021-04-27 01:16:02.250000,4188.549,4187.839,2250,2250
2021-04-27 01:16:02.693000,4188.266,4187.839,460,2250
2021-04-27 01:16:02.743000,4188.246,4187.599,2250,2250
2021-04-27 01:16:06.553000,4188.257,4187.833,460,2250
2021-04-27 01:16:06.604000,4188.558,4187.899,2250,2250
2021-04-27 01:16:17.043000,4188.551,4188.039,460,2250
2021-04-27 01:16:17.093000,4188.764,4188.099,2250,2250
2021-04-27 01:17:08.925000,4188.755,4188.054,2250,4190
2021-04-27 01:17:08.980000,4189.049,4188.351,2250,2250
2021-04-27 01:17:10.735000,4189.048,4188.854,460,2250
2021-04-27 01:17:10.785000,4189.558,4188.854,2250,2250
2021-04-27 01:17:14.284000,4189.548,4189.054,460,2250
2021-04-27 01:17:14.335000,4189.752,4189.051,2250,2250
2021-04-27 01:17:19.335000,4189.56,4189.039,460,2250
2021-04-27 01:17:19.385000,4189.555,4188.851,2250,2250
2021-04-27 01:17:44.791000,4189.554,4189.045,460,2250
2021-04-27 01:17:44.841000,4189.746,4189.048,2250,2250
2021-04-27 01:17:45.940000,4189.558,4188.851,2250,4190
2021-04-27 01:17:45.991000,4189.555,4188.851,2250,2250
2021-04-27 01:18:00.728000,4189.569,4189.042,460,2250
2021-04-27 01:18:00.778000,4189.764,4189.042,2250,2250
2021-04-27 01:18:01.081000,4189.549,4188.851,2250,4190
2021-04-27 01:18:01.132000,4189.549,4188.899,2250,2250
2021-04-27 01:18:02.301000,4189.563,4189.033,460,2250
2021-04-27 01:18:02.351000,4189.701,4189.048,2250,2250
2021-04-27 01:18:10.306000,4189.601,4188.936,2250,4190
2021-04-27 01:18:10.356000,4189.646,4188.999,2250,2250
2021-04-27 01:18:11.100000,4189.551,4188.945,460,2250
2021-04-27 01:18:11.150000,4189.567,4188.854,2250,2250
2021-04-27 01:18:11.260000,4189.503,4188.951,460,2250
2021-04-27 01:18:11.311000,4189.601,4188.933,2250,2250
2021-04-27 01:18:11.423000,4189.657,4189.036,460,2250
2021-04-27 01:18:11.473000,4189.764,4189.051,2250,2250
2021-04-27 01:18:37.463000,4189.766,4189.351,460,2250
2021-04-27 01:18:37.514000,4190.055,4189.348,2250,2250
2021-04-27 01:18:39.934000,4189.701,4189.042,2250,4190
2021-04-27 01:18:39.985000,4189.749,4189.099,2250,2250
2021-04-27 01:18:46.628000,4189.769,4189.242,460,2250
2021-04-27 01:18:46.678000,4189.952,4189.245,2250,2250
2021-04-27 01:18:47.015000,4189.96,4189.399,460,2250
2021-04-27 01:18:47.065000,4190.052,4189.399,2250,2250
2021-04-27 01:18:48.317000,4189.701,4189.039,2250,4190
2021-04-27 01:18:48.367000,4189.701,4189.054,2250,2250
2021-04-27 01:18:53.300000,4189.769,4189.339,460,2250
2021-04-27 01:18:53.350000,4190.001,4189.399,2250,2250
2021-04-27 01:18:53.462000,4189.701,4189.033,2250,4190
2021-04-27 01:18:53.512000,4189.755,4189.039,2250,2250
2021-04-27 01:19:05.925000,4189.567,4188.836,2250,4190
2021-04-27 01:19:05.976000,4189.552,4188.833,2250,2250
2021-04-27 01:19:06.248000,4189.561,4188.845,2250,4190
2021-04-27 01:19:06.298000,4189.752,4189.054,2250,2250
2021-04-27 01:20:05.662000,4189.76,4189.351,460,2250
2021-04-27 01:20:05.713000,4190.049,4189.399,2250,2250
2021-04-27 01:20:09.674000,4189.746,4189.045,2250,4190
2021-04-27 01:20:09.724000,4189.701,4189.099,2250,2250
2021-04-27 01:20:11.472000,4189.754,4189.354,460,2250
2021-04-27 01:20:11.522000,4190.055,4189.345,2250,2250
2021-04-27 01:20:11.949000,4189.755,4189.033,2250,4190
2021-04-27 01:20:11.999000,4189.767,4189.048,2250,2250
2021-04-27 01:20:18.939000,4189.749,4189.036,2250,4190
2021-04-27 01:20:18.990000,4190.061,4189.342,2250,2250
2021-04-27 01:20:20.140000,4189.946,4189.242,2250,4190
2021-04-27 01:20:20.191000,4189.967,4189.245,2250,2250
2021-04-27 01:20:20.498000,4189.749,4189.051,2250,4190
2021-04-27 01:20:20.548000,4189.752,4189.045,2250,2250
2021-04-27 01:20:33.831000,4189.555,4188.836,2250,4190
2021-04-27 01:20:33.881000,4189.552,4188.836,2250,2250
2021-04-27 01:21:24.499000,4189.548,4189.042,460,2250
2021-04-27 01:21:24.549000,4189.701,4189.039,2250,2250
2021-04-27 01:21:30.371000,4189.552,4188.833,2250,4190
2021-04-27 01:21:30.422000,4189.564,4188.854,2250,2250
2021-04-27 01:21:55.177000,4189.557,4189.048,460,2250
2021-04-27 01:21:55.228000,4189.746,4189.051,2250,2250
2021-04-27 01:22:12.548000,4190.001,4189.345,2250,2250
2021-04-27 01:22:13.449000,4189.755,4189.033,2250,4190
2021-04-27 01:22:13.500000,4189.764,4189.045,2250,2250
2021-04-27 01:22:15.290000,4189.764,4189.099,2250,4190
2021-04-27 01:22:15.341000,4190.067,4189.399,2250,2250
2021-04-27 01:22:40.622000,4190.063,4189.542,460,2250
2021-04-27 01:22:40.676000,4190.261,4189.542,2250,2250
2021-04-27 01:22:41.903000,4190.064,4189.339,2250,4190
2021-04-27 01:22:41.953000,4190.049,4189.336,2250,2250
2021-04-27 01:22:45.755000,4190.051,4189.439,460,2250
2021-04-27 01:22:45.805000,4190.101,4189.436,2250,2250
2021-04-27 01:22:45.918000,4190.051,4189.442,460,2250
2021-04-27 01:22:45.969000,4190.052,4189.336,2250,2250
2021-04-27 01:22:46.825000,4190.054,4189.551,460,2250
2021-04-27 01:22:46.876000,4190.249,4189.545,2250,2250
2021-04-27 01:22:48.344000,4190.046,4189.336,2250,4190
2021-04-27 01:22:48.395000,4190.067,4189.342,2250,2250
2021-04-27 01:22:49.036000,4190.066,4189.548,460,2250
2021-04-27 01:22:49.086000,4190.261,4189.536,2250,2250
2021-04-27 01:22:50.124000,4190.055,4189.348,2250,4190
2021-04-27 01:22:50.175000,4190.001,4189.354,2250,2250
2021-04-27 01:22:51.147000,4190.049,4189.354,2250,4190
2021-04-27 01:22:51.197000,4190.267,4189.599,2250,2250
2021-04-27 01:23:00.698000,4190.267,4189.548,2250,4190
2021-04-27 01:23:00.748000,4190.555,4189.851,2250,2250
2021-04-27 01:23:02.715000,4190.258,4189.533,2250,4190
2021-04-27 01:23:02.765000,4190.201,4189.542,2250,2250
2021-04-27 01:23:02.874000,4190.257,4189.839,460,2250
2021-04-27 01:23:02.925000,4190.552,4189.845,2250,2250
2021-04-27 01:23:08.358000,4190.264,4189.599,2250,4190
2021-04-27 01:23:08.409000,4190.252,4189.548,2250,2250
2021-04-27 01:23:13.972000,4190.263,4189.899,460,2250
2021-04-27 01:23:14.022000,4190.561,4189.854,2250,2250
2021-04-27 01:23:14.396000,4190.249,4189.533,2250,4190
2021-04-27 01:23:14.446000,4190.264,4189.548,2250,2250
2021-04-27 01:23:19.473000,4190.254,4189.839,460,2250
2021-04-27 01:23:19.523000,4190.564,4189.839,2250,2250
2021-04-27 01:23:19.634000,4190.255,4189.551,2250,4190
2021-04-27 01:23:19.685000,4190.267,4189.551,2250,2250
2021-04-27 01:23:29.015000,4190.049,4189.339,2250,4190
2021-04-27 01:23:29.065000,4190.064,4189.345,2250,2250
2021-04-27 01:23:29.496000,4190.069,4189.445,460,2250
2021-04-27 01:23:29.547000,4190.155,4189.451,2250,2250
2021-04-27 01:23:30.022000,4190.058,4189.336,2250,4190
2021-04-27 01:23:30.073000,4190.001,4189.336,2250,2250
2021-04-27 01:23:30.506000,4190.057,4189.442,460,2250
2021-04-27 01:23:30.556000,4190.155,4189.442,2250,2250
2021-04-27 01:23:31.113000,4190.166,4189.554,460,2250
2021-04-27 01:23:31.163000,4190.252,4189.539,2250,2250
2021-04-27 01:23:39.311000,4190.046,4189.342,2250,4190
2021-04-27 01:23:39.362000,4190.046,4189.354,2250,2250
2021-04-27 01:23:40.430000,4190.06,4189.439,460,2250
2021-04-27 01:23:40.481000,4190.152,4189.436,2250,2250
2021-04-27 01:23:41.019000,4190.067,4189.336,2250,4190
2021-04-27 01:23:41.070000,4190.058,4189.336,2250,2250
2021-04-27 01:24:03.666000,4189.764,4189.042,2250,4190
2021-04-27 01:24:03.716000,4189.758,4189.036,2250,2250
2021-04-27 01:24:04.410000,4189.757,4189.342,460,2250
2021-04-27 01:24:04.460000,4190.052,4189.354,2250,2250
2021-04-27 01:24:09.329000,4189.969,4189.345,460,2250
2021-04-27 01:24:09.379000,4189.946,4189.236,2250,2250
2021-04-27 01:24:11.648000,4189.969,4189.339,460,2250
2021-04-27 01:24:11.698000,4190.052,4189.342,2250,2250
2021-04-27 01:24:11.970000,4189.758,4189.036,2250,4190
2021-04-27 01:24:12.021000,4189.764,4189.045,2250,2250
2021-04-27 01:24:13.655000,4190.055,4189.339,2250,2250
2021-04-27 01:24:25.825000,4190.063,4189.599,460,2250
2021-04-27 01:24:25.876000,4190.249,4189.599,2250,2250
2021-04-27 01:24:26.311000,4190.067,4189.348,2250,4190
2021-04-27 01:24:26.362000,4190.046,4189.336,2250,2250
2021-04-27 01:24:29.749000,4190.051,4189.442,460,2250
2021-04-27 01:24:29.800000,4190.158,4189.448,2250,2250
2021-04-27 01:24:30.427000,4190.058,4189.354,2250,4190
2021-04-27 01:24:30.478000,4190.067,4189.333,2250,2250
2021-04-27 01:24:31.276000,4190.066,4189.439,460,2250
2021-04-27 01:24:31.326000,4190.101,4189.433,2250,2250
2021-04-27 01:24:31.437000,4190.169,4189.533,460,2250
2021-04-27 01:24:31.487000,4190.252,4189.539,2250,2250
2021-04-27 01:24:33.032000,4190.164,4189.436,2250,4190
2021-04-27 01:24:33.083000,4190.164,4189.442,2250,2250
2021-04-27 01:24:33.997000,4190.163,4189.548,460,2250
2021-04-27 01:24:34.047000,4190.252,4189.551,2250,2250
2021-04-27 01:24:34.824000,4190.001,4189.351,2250,4190
2021-04-27 01:24:34.874000,4190.064,4189.351,2250,2250
2021-04-27 01:24:49.712000,4189.758,4189.054,2250,4190
2021-04-27 01:24:49.762000,4189.701,4189.045,2250,2250
2021-04-27 01:24:52.545000,4189.703,4189.251,460,2250
2021-04-27 01:24:52.595000,4189.958,4189.242,2250,2250
2021-04-27 01:24:52.899000,4189.758,4189.051,2250,4190
2021-04-27 01:24:52.950000,4189.746,4189.033,2250,2250
2021-04-27 01:24:53.290000,4189.746,4189.045,2250,4190
2021-04-27 01:24:53.340000,4189.967,4189.242,2250,2250
2021-04-27 01:24:53.969000,4189.755,4189.039,2250,4190
2021-04-27 01:24:54.020000,4189.767,4189.054,2250,2250
2021-04-27 01:25:03.789000,4189.76,4189.345,460,2250
2021-04-27 01:25:03.839000,4190.055,4189.351,2250,2250
2021-04-27 01:25:18.558000,4189.752,4189.099,2250,4190
2021-04-27 01:25:18.609000,4189.755,4189.054,2250,2250
2021-04-27 01:25:19.857000,4189.748,4189.333,460,2250
2021-04-27 01:25:19.907000,4190.058,4189.336,2250,2250
2021-04-27 01:25:20.181000,4189.946,4189.242,2250,4190
2021-04-27 01:25:20.232000,4189.901,4189.242,2250,2250
2021-04-27 01:25:20.410000,4189.951,4189.345,460,2250
2021-04-27 01:25:20.460000,4190.064,4189.333,2250,2250
2021-04-27 01:25:29.486000,4189.949,4189.239,2250,4190
2021-04-27 01:25:29.537000,4189.958,4189.239,2250,2250
2021-04-27 01:25:29.809000,4189.957,4189.336,460,2250
2021-04-27 01:25:29.859000,4190.052,4189.336,2250,2250
2021-04-27 01:25:33.435000,4189.958,4189.299,2250,4190
2021-04-27 01:25:33.486000,4189.946,4189.299,2250,2250
2021-04-27 01:25:33.989000,4189.948,4189.336,460,2250
2021-04-27 01:25:34.039000,4190.061,4189.342,2250,2250
2021-04-27 01:25:34.487000,4189.967,4189.239,2250,4190
2021-04-27 01:25:34.537000,4189.961,4189.299,2250,2250
2021-04-27 01:25:36.530000,4189.746,4189.051,2250,4190
2021-04-27 01:25:36.580000,4189.749,4189.099,2250,2250
2021-04-27 01:25:46.669000,4189.766,4189.354,460,2250
2021-04-27 01:25:46.719000,4190.046,4189.399,2250,2250
2021-04-27 01:25:51.396000,4189.757,4189.399,460,2250
2021-04-27 01:25:51.446000,4189.749,4189.036,2250,2250
2021-04-27 01:25:54.012000,4189.769,4189.336,460,2250
2021-04-27 01:25:54.063000,4190.052,4189.342,2250,2250
2021-04-27 01:25:54.883000,4189.761,4189.036,2250,4190
2021-04-27 01:25:54.934000,4189.701,4189.036,2250,2250
2021-04-27 01:26:44.338000,4189.757,4189.248,460,2250
2021-04-27 01:26:44.388000,4189.961,4189.299,2250,2250
2021-04-27 01:26:44.512000,4189.954,4189.399,460,2250
2021-04-27 01:26:44.562000,4190.061,4189.399,2250,2250
2021-04-27 01:26:46.487000,4190.048,4189.545,460,2250
2021-04-27 01:26:46.537000,4190.258,4189.548,2250,2250
2021-04-27 01:26:50.356000,4190.101,4189.439,2250,4190
2021-04-27 01:26:50.407000,4190.152,4189.451,2250,2250
2021-04-27 01:26:50.544000,4190.169,4189.536,460,2250
2021-04-27 01:26:50.594000,4190.246,4189.539,2250,2250
2021-04-27 01:26:51.040000,4190.061,4189.399,2250,4190
2021-04-27 01:26:51.090000,4190.046,4189.399,2250,2250
2021-04-27 01:27:09.825000,4190.048,4189.533,460,2250
2021-04-27 01:27:09.875000,4190.261,4189.599,2250,2250
2021-04-27 01:27:21.543000,4190.061,4189.339,2250,4190
2021-04-27 01:27:21.593000,4190.058,4189.354,2250,2250
2021-04-27 01:27:22.027000,4190.048,4189.536,460,2250
2021-04-27 01:27:22.078000,4190.267,4189.548,2250,2250
2021-04-27 01:27:22.188000,4190.046,4189.336,2250,4190
2021-04-27 01:27:22.238000,4190.049,4189.345,2250,2250
2021-04-27 01:27:37.615000,4190.057,4189.442,460,2250
2021-04-27 01:27:37.665000,4190.101,4189.433,2250,2250
2021-04-27 01:27:38.017000,4190.103,4189.545,460,2250
2021-04-27 01:27:38.068000,4190.252,4189.536,2250,2250
2021-04-27 01:27:38.929000,4190.061,4189.348,2250,4190
2021-04-27 01:27:38.979000,4190.064,4189.354,2250,2250
2021-04-27 01:28:09.706000,4189.758,4189.042,2250,4190
2021-04-27 01:28:09.756000,4189.752,4189.045,2250,2250
2021-04-27 01:28:19.868000,4189.754,4189.345,460,2250
2021-04-27 01:28:19.919000,4190.052,4189.348,2250,2250
2021-04-27 01:28:53.878000,4190.063,4189.542,460,2250
2021-04-27 01:28:53.929000,4190.252,4189.554,2250,2250
2021-04-27 01:28:56.659000,4190.061,4189.399,2250,4190
2021-04-27 01:28:56.709000,4190.064,4189.333,2250,2250
2021-04-27 01:28:57.888000,4190.048,4189.542,460,2250
2021-04-27 01:28:57.938000,4190.249,4189.533,2250,2250
2021-04-27 01:28:58.230000,4190.049,4189.336,2250,4190
2021-04-27 01:28:58.280000,4190.046,4189.345,2250,2250
2021-04-27 01:29:18.951000,4190.063,4189.542,460,2250
2021-04-27 01:29:19.001000,4190.249,4189.545,2250,2250
2021-04-27 01:30:00.240000,4190.26,4189.842,460,2250
2021-04-27 01:30:00.290000,4190.555,4189.833,2250,2250
2021-04-27 01:30:01.260000,4190.264,4189.548,2250,4190
2021-04-27 01:30:01.310000,4190.261,4189.536,2250,2250
2021-04-27 01:30:03.193000,4190.052,4189.339,2250,4190
2021-04-27 01:30:03.243000,4190.046,4189.351,2250,2250
2021-04-27 01:30:12.993000,4189.746,4189.048,2250,4190
2021-04-27 01:30:13.043000,4189.767,4189.039,2250,2250
2021-04-27 01:30:13.154000,4189.751,4189.354,460,2250
2021-04-27 01:30:13.204000,4190.052,4189.339,2250,2250
2021-04-27 01:30:15.557000,4189.746,4189.039,2250,4190
2021-04-27 01:30:15.607000,4189.758,4189.048,2250,2250
2021-04-27 01:30:18.636000,4189.269,4189.033,460,2250
2021-04-27 01:30:18.686000,4189.258,4188.542,2250,2250
2021-04-27 01:30:18.795000,4189.203,4188.845,460,2250
2021-04-27 01:30:18.846000,4189.555,4188.899,2250,2250
2021-04-27 01:30:25.251000,4189.554,4189.039,460,2250
2021-04-27 01:30:25.301000,4189.761,4189.036,2250,2250
2021-04-27 01:30:27.256000,4189.757,4189.339,460,2250
2021-04-27 01:30:27.306000,4190.055,4189.339,2250,2250
2021-04-27 01:30:48.275000,4190.003,4189.539,460,2250
2021-04-27 01:30:48.326000,4190.255,4189.599,2250,2250
2021-04-27 01:30:48.599000,4190.058,4189.399,2250,4190
2021-04-27 01:30:48.649000,4190.061,4189.348,2250,2250
2021-04-27 01:30:49.080000,4190.003,4189.442,460,2250
2021-04-27 01:30:49.131000,4190.146,4189.454,2250,2250
2021-04-27 01:30:49.242000,4190.046,4189.345,2250,4190
2021-04-27 01:30:49.292000,4190.046,4189.333,2250,2250
2021-04-27 01:30:54.340000,4189.961,4189.248,2250,4190
2021-04-27 01:30:54.391000,4189.958,4189.251,2250,2250
2021-04-27 01:30:54.505000,4189.96,4189.354,460,2250
2021-04-27 01:30:54.555000,4190.001,4189.336,2250,2250
2021-04-27 01:30:57.104000,4189.749,4189.051,2250,4190
2021-04-27 01:30:57.154000,4189.761,4189.033,2250,2250
2021-04-27 01:30:58.838000,4189.557,4189.045,460,2250
2021-04-27 01:30:58.889000,4189.555,4188.842,2250,2250
2021-04-27 01:31:01.712000,4189.569,4189.042,460,2250
2021-04-27 01:31:01.762000,4189.761,4189.033,2250,2250
2021-04-27 01:31:02.516000,4189.558,4188.839,2250,4190
2021-04-27 01:31:02.567000,4189.564,4188.842,2250,2250
2021-04-27 01:31:02.690000,4189.548,4188.939,460,2250
2021-04-27 01:31:02.741000,4189.667,4188.999,2250,2250
2021-04-27 01:31:03.025000,4189.651,4189.051,460,2250
2021-04-27 01:31:03.075000,4189.767,4189.048,2250,2250
2021-04-27 01:31:06.926000,4189.701,4189.033,2250,4190
2021-04-27 01:31:06.976000,4190.052,4189.354,2250,2250
2021-04-27 01:31:07.406000,4189.749,4189.042,2250,4190
2021-04-27 01:31:07.456000,4189.758,4189.099,2250,2250
2021-04-27 01:31:07.569000,4189.766,4189.245,460,2250
2021-04-27 01:31:07.619000,4189.961,4189.299,2250,2250
2021-04-27 01:31:08.168000,4189.752,4189.051,2250,4190
2021-04-27 01:31:08.219000,4189.746,4189.033,2250,2250
2021-04-27 01:31:08.330000,4189.748,4189.299,460,2250
2021-04-27 01:31:08.381000,4189.946,4189.254,2250,2250
2021-04-27 01:31:08.490000,4189.755,4189.033,2250,4190
2021-04-27 01:31:08.541000,4189.761,4189.039,2250,2250
2021-04-27 01:31:08.826000,4189.766,4189.354,460,2250
2021-04-27 01:31:08.876000,4190.049,4189.336,2250,2250
2021-04-27 01:31:09.551000,4189.767,4189.051,2250,4190
2021-04-27 01:31:09.602000,4189.764,4189.054,2250,2250
2021-04-27 01:31:10.392000,4189.769,4189.254,460,2250
2021-04-27 01:31:10.442000,4189.952,4189.245,2250,2250
2021-04-27 01:31:10.580000,4189.966,4189.351,460,2250
2021-04-27 01:31:10.631000,4190.061,4189.333,2250,2250
2021-04-27 01:31:11.477000,4189.752,4189.051,2250,4190
2021-04-27 01:31:11.528000,4189.764,4189.039,2250,2250
2021-04-27 01:31:15.553000,4189.549,4188.839,2250,4190
2021-04-27 01:31:15.603000,4189.549,4188.833,2250,2250
2021-04-27 01:31:18.946000,4189.267,4188.545,2250,4190
2021-04-27 01:31:18.997000,4189.246,4188.545,2250,2250
2021-04-27 01:31:19.597000,4189.267,4188.545,2250,4190
2021-04-27 01:31:19.647000,4189.564,4188.842,2250,2250
2021-04-27 01:31:22.256000,4189.266,4188.851,460,2250
2021-04-27 01:31:22.306000,4189.249,4188.545,2250,2250
2021-04-27 01:31:23.397000,4189.26,4188.839,460,2250
2021-04-27 01:31:23.447000,4189.564,4188.854,2250,2250
2021-04-27 01:31:46.514000,4189.557,4189.039,460,2250
2021-04-27 01:31:46.564000,4189.749,4189.039,2250,2250
2021-04-27 01:31:53.103000,4189.546,4188.839,2250,4190
2021-04-27 01:31:53.153000,4189.555,4188.839,2250,2250
2021-04-27 01:31:56.739000,4189.264,4188.599,2250,4190
2021-04-27 01:31:56.789000,4189.252,4188.542,2250,2250
2021-04-27 01:31:59.555000,4189.067,4188.354,2250,4190
2021-04-27 01:31:59.605000,4189.046,4188.342,2250,2250
2021-04-27 01:32:00.238000,4189.048,4188.533,460,2250
2021-04-27 01:32:00.288000,4189.264,4188.548,2250,2250
2021-04-27 01:32:01.390000,4189.061,4188.399,2250,4190
2021-04-27 01:32:01.440000,4189.052,4188.336,2250,2250
2021-04-27 01:32:02.911000,4189.069,4188.551,460,2250
2021-04-27 01:32:02.961000,4189.264,4188.545,2250,2250
2021-04-27 01:32:03.419000,4189.049,4188.354,2250,4190
2021-04-27 01:32:03.470000,4189.001,4188.342,2250,2250
2021-04-27 01:32:07.513000,4189.063,4188.548,460,2250
2021-04-27 01:32:07.564000,4189.267,4188.539,2250,2250
2021-04-27 01:32:08.636000,4189.046,4188.342,2250,4190
2021-04-27 01:32:08.687000,4189.046,4188.354,2250,2250
2021-04-27 01:32:17.081000,4189.054,4188.536,460,2250
2021-04-27 01:32:17.131000,4189.201,4188.533,2250,2250
2021-04-27 01:32:17.240000,4189.001,4188.354,2250,4190
2021-04-27 01:32:17.290000,4189.067,4188.354,2250,2250
2021-04-27 01:32:20.552000,4189.066,4188.539,460,2250
2021-04-27 01:32:20.602000,4189.252,4188.545,2250,2250
2021-04-27 01:32:20.857000,4189.064,4188.333,2250,2250
2021-04-27 01:32:22.015000,4189.057,4188.451,460,2250
2021-04-27 01:32:22.065000,4189.149,4188.499,2250,2250
2021-04-27 01:32:22.335000,4189.067,4188.336,2250,4190
2021-04-27 01:32:22.385000,4189.049,4188.342,2250,2250
2021-04-27 01:32:22.495000,4189.069,4188.545,460,2250
2021-04-27 01:32:22.546000,4189.255,4188.599,2250,2250
2021-04-27 01:32:23.429000,4189.046,4188.399,2250,4190
2021-04-27 01:32:23.480000,4189.046,4188.339,2250,2250
2021-04-27 01:32:25.483000,4189.051,4188.539,460,2250
2021-04-27 01:32:25.533000,4189.255,4188.542,2250,2250
2021-04-27 01:32:30.696000,4189.263,4188.836,460,2250
2021-04-27 01:32:30.746000,4189.549,4188.842,2250,2250
2021-04-27 01:32:36.294000,4189.548,4188.933,460,2250
2021-04-27 01:32:36.344000,4189.646,4188.939,2250,2250
2021-04-27 01:32:36.456000,4189.561,4188.845,2250,4190
2021-04-27 01:32:36.507000,4189.501,4188.833,2250,2250
2021-04-27 01:32:38.997000,4189.566,4189.045,460,2250
2021-04-27 01:32:39.048000,4189.758,4189.054,2250,2250
2021-04-27 01:32:40.448000,4189.501,4188.839,2250,4190
2021-04-27 01:32:40.498000,4189.546,4188.845,2250,2250
2021-04-27 01:32:42.888000,4189.56,4189.039,460,2250
2021-04-27 01:32:42.938000,4189.767,4189.039,2250,2250
2021-04-27 01:32:43.338000,4189.561,4188.836,2250,4190
2021-04-27 01:32:43.388000,4189.552,4188.842,2250,2250
2021-04-27 01:32:44.045000,4189.503,4189.039,460,2250
2021-04-27 01:32:44.096000,4189.701,4189.042,2250,2250
2021-04-27 01:32:44.369000,4189.566,4189.099,460,2250
2021-04-27 01:32:44.420000,4189.552,4188.839,2250,2250
2021-04-27 01:32:45.924000,4189.554,4189.054,460,2250
2021-04-27 01:32:45.974000,4189.701,4189.042,2250,2250
2021-04-27 01:32:47.492000,4189.552,4188.854,2250,4190
2021-04-27 01:32:47.542000,4189.501,4188.833,2250,2250
2021-04-27 01:32:48.426000,4189.569,4189.099,460,2250
2021-04-27 01:32:48.476000,4189.701,4189.039,2250,2250
2021-04-27 01:32:49.226000,4189.546,4188.851,2250,4190
2021-04-27 01:32:49.277000,4189.555,4188.833,2250,2250
2021-04-27 01:32:49.710000,4189.569,4189.033,460,2250
2021-04-27 01:32:49.760000,4189.749,4189.099,2250,2250
2021-04-27 01:32:50.034000,4189.646,4188.948,2250,4190
2021-04-27 01:32:50.084000,4189.667,4188.936,2250,2250
2021-04-27 01:32:50.356000,4189.669,4189.036,460,2250
2021-04-27 01:32:50.407000,4189.746,4189.042,2250,2250
2021-04-27 01:32:51.670000,4189.561,4188.854,2250,4190
2021-04-27 01:32:51.720000,4189.564,4188.833,2250,2250
2021-04-27 01:32:52.300000,4189.566,4188.933,460,2250
2021-04-27 01:32:52.351000,4189.655,4188.951,2250,2250
2021-04-27 01:32:52.461000,4189.654,4189.051,460,2250
2021-04-27 01:32:52.512000,4189.749,4189.054,2250,2250
2021-04-27 01:33:01.828000,4189.757,4189.351,460,2250
2021-04-27 01:33:01.878000,4190.061,4189.348,2250,2250
2021-04-27 01:33:02.955000,4189.761,4189.099,2250,4190
2021-04-27 01:33:03.005000,4189.758,4189.048,2250,2250
2021-04-27 01:33:03.920000,4189.703,4189.333,460,2250
2021-04-27 01:33:03.971000,4190.061,4189.348,2250,2250
2021-04-27 01:33:05.263000,4190.063,4189.533,460,2250
2021-04-27 01:33:05.313000,4190.249,4189.551,2250,2250
2021-04-27 01:33:26.173000,4190.257,4189.848,460,2250
2021-04-27 01:33:26.224000,4190.555,4189.899,2250,2250
2021-04-27 01:33:26.338000,4190.267,4189.545,2250,2250
2021-04-27 01:33:32.413000,4190.203,4189.851,460,2250
2021-04-27 01:33:32.463000,4190.567,4189.845,2250,2250
2021-04-27 01:33:32.734000,4190.258,4189.539,2250,4190
2021-04-27 01:33:32.784000,4190.252,4189.545,2250,2250
2021-04-27 01:33:35.545000,4190.263,4189.839,460,2250
2021-04-27 01:33:35.595000,4190.546,4189.848,2250,2250
2021-04-27 01:33:51.945000,4190.449,4189.745,2250,4190
2021-04-27 01:33:51.995000,4190.446,4189.799,2250,2250
2021-04-27 01:33:52.297000,4190.448,4189.842,460,2250
2021-04-27 01:33:52.347000,4190.564,4189.845,2250,2250
2021-04-27 01:33:55.323000,4190.267,4189.551,2250,4190
2021-04-27 01:33:55.374000,4190.252,4189.551,2250,2250
2021-04-27 01:33:55.484000,4190.266,4189.854,460,2250
2021-04-27 01:33:55.534000,4190.549,4189.854,2250,2250
2021-04-27 01:33:57.647000,4190.249,4189.554,2250,4190
2021-04-27 01:33:57.697000,4190.267,4189.554,2250,2250
2021-04-27 01:33:59.441000,4190.266,4189.842,460,2250
2021-04-27 01:33:59.491000,4190.558,4189.854,2250,2250
2021-04-27 01:33:59.783000,4190.258,4189.554,2250,4190
2021-04-27 01:33:59.833000,4190.264,4189.533,2250,2250
2021-04-27 01:34:00.429000,4190.266,4189.848,460,2250
2021-04-27 01:34:00.479000,4190.564,4189.836,2250,2250
2021-04-27 01:34:05.943000,4190.246,4189.533,2250,4190
2021-04-27 01:34:05.993000,4190.246,4189.533,2250,2250
2021-04-27 01:34:06.423000,4190.251,4189.851,460,2250
2021-04-27 01:34:06.474000,4190.564,4189.848,2250,2250
2021-04-27 01:34:07.241000,4190.267,4189.539,2250,2250
2021-04-27 01:34:07.550000,4190.251,4189.833,460,2250
2021-04-27 01:34:07.600000,4190.555,4189.845,2250,2250
2021-04-27 01:34:09.322000,4190.449,4189.736,2250,4190
2021-04-27 01:34:09.372000,4190.464,4189.748,2250,2250
2021-04-27 01:34:09.483000,4190.466,4189.845,460,2250
2021-04-27 01:34:09.533000,4190.567,4189.848,2250,2250
2021-04-27 01:34:09.965000,4190.255,4189.539,2250,4190
2021-04-27 01:34:10.015000,4190.258,4189.548,2250,2250
2021-04-27 01:34:10.607000,4190.26,4189.851,460,2250
2021-04-27 01:34:10.658000,4190.552,4189.833,2250,2250
2021-04-27 01:34:10.768000,4190.449,4189.799,2250,4190
2021-04-27 01:34:10.819000,4190.467,4189.739,2250,2250
2021-04-27 01:34:10.932000,4190.249,4189.545,2250,4190
2021-04-27 01:34:10.983000,4190.267,4189.539,2250,2250
2021-04-27 01:34:11.818000,4190.251,4189.842,460,2250
2021-04-27 01:34:11.869000,4190.555,4189.833,2250,2250
2021-04-27 01:34:13.908000,4190.255,4189.548,2250,4190
2021-04-27 01:34:13.958000,4190.258,4189.539,2250,2250
2021-04-27 01:34:16.039000,4190.263,4189.833,460,2250
2021-04-27 01:34:16.089000,4190.552,4189.899,2250,2250
2021-04-27 01:34:16.532000,4190.446,4189.739,2250,4190
2021-04-27 01:34:16.583000,4190.452,4189.736,2250,2250
2021-04-27 01:34:16.688000,4190.258,4189.545,2250,2250
2021-04-27 01:34:17.414000,4190.248,4189.851,460,2250
2021-04-27 01:34:17.465000,4190.561,4189.854,2250,2250
2021-04-27 01:34:18.708000,4190.569,4190.039,460,2250
2021-04-27 01:34:18.758000,4190.764,4190.036,2250,2250
2021-04-27 01:34:19.188000,4190.549,4189.842,2250,4190
2021-04-27 01:34:19.243000,4190.561,4189.854,2250,2250
2021-04-27 01:34:26.837000,4190.558,4189.848,2250,4190
2021-04-27 01:34:26.887000,4190.767,4190.045,2250,2250
2021-04-27 01:34:29.067000,4190.546,4189.854,2250,4190
2021-04-27 01:34:29.118000,4190.549,4189.839,2250,2250
2021-04-27 01:34:37.259000,4190.252,4189.542,2250,4190
2021-04-27 01:34:37.310000,4190.267,4189.599,2250,2250
2021-04-27 01:34:37.750000,4190.254,4189.748,460,2250
2021-04-27 01:34:37.801000,4190.467,4189.799,2250,2250
2021-04-27 01:34:37.909000,4190.249,4189.551,2250,4190
2021-04-27 01:34:37.959000,4190.264,4189.536,2250,2250
2021-04-27 01:34:38.072000,4190.266,4189.833,460,2250
2021-04-27 01:34:38.122000,4190.555,4189.842,2250,2250
2021-04-27 01:34:38.619000,4190.246,4189.542,2250,4190
2021-04-27 01:34:38.670000,4190.264,4189.554,2250,2250
2021-04-27 01:34:39.241000,4190.269,4189.854,460,2250
2021-04-27 01:34:39.291000,4190.564,4189.842,2250,2250
2021-04-27 01:34:39.524000,4190.264,4189.533,2250,4190
2021-04-27 01:34:39.575000,4190.252,4189.542,2250,2250
2021-04-27 01:34:39.853000,4190.201,4189.536,2250,4190
2021-04-27 01:34:39.904000,4190.401,4189.748,2250,2250
2021-04-27 01:34:40.105000,4190.255,4189.542,2250,4190
2021-04-27 01:34:40.155000,4190.255,4189.599,2250,2250
2021-04-27 01:34:59.330000,4190.055,4189.399,2250,4190
2021-04-27 01:34:59.381000,4190.061,4189.333,2250,2250
2021-04-27 01:34:59.815000,4190.069,4189.599,460,2250
2021-04-27 01:34:59.866000,4190.261,4189.551,2250,2250
2021-04-27 01:35:01.429000,4190.052,4189.354,2250,4190
2021-04-27 01:35:01.479000,4190.052,4189.354,2250,2250
2021-04-27 01:35:10.116000,4189.761,4189.042,2250,4190
2021-04-27 01:35:10.167000,4189.749,4189.042,2250,2250
2021-04-27 01:35:10.844000,4189.769,4189.336,460,2250
2021-04-27 01:35:10.894000,4190.046,4189.348,2250,2250
2021-04-27 01:35:23.319000,4189.701,4189.045,2250,4190
2021-04-27 01:35:23.369000,4189.761,4189.054,2250,2250
2021-04-27 01:35:26.426000,4189.546,4188.839,2250,2250
2021-04-27 01:35:33.658000,4189.258,4188.554,2250,4190
2021-04-27 01:35:33.709000,4189.252,4188.536,2250,2250
2021-04-27 01:35:39.915000,4189.049,4188.336,2250,4190
2021-04-27 01:35:39.966000,4189.001,4188.339,2250,2250
2021-04-27 01:35:40.249000,4188.758,4188.051,2250,4190
2021-04-27 01:35:40.300000,4188.755,4188.054,2250,2250
2021-04-27 01:35:46.311000,4188.552,4187.848,2250,4190
2021-04-27 01:35:46.361000,4188.552,4187.854,2250,2250
2021-04-27 01:35:46.953000,4188.551,4188.036,460,2250
2021-04-27 01:35:47.004000,4188.761,4188.051,2250,2250
2021-04-27 01:35:54.979000,4188.564,4187.848,2250,4190
2021-04-27 01:35:55.029000,4188.552,4187.845,2250,2250
2021-04-27 01:35:56.153000,4188.252,4187.545,2250,2250
2021-04-27 01:36:00.550000,4188.061,4187.348,2250,4190
2021-04-27 01:36:00.601000,4188.052,4187.348,2250,2250
2021-04-27 01:36:02.158000,4187.701,4187.039,2250,4190
2021-04-27 01:36:02.208000,4187.764,4187.033,2250,2250
2021-04-27 01:36:03.609000,4187.703,4187.342,460,2250
2021-04-27 01:36:03.660000,4188.049,4187.354,2250,2250
2021-04-27 01:36:03.932000,4187.964,4187.251,2250,4190
2021-04-27 01:36:03.982000,4187.967,4187.239,2250,2250
2021-04-27 01:36:04.098000,4188.058,4187.354,2250,2250
2021-04-27 01:36:04.417000,4187.749,4187.048,2250,4190
2021-04-27 01:36:04.467000,4187.761,4187.033,2250,2250
2021-04-27 01:36:07.074000,4187.769,4187.336,460,2250
2021-04-27 01:36:07.124000,4188.055,4187.345,2250,2250
2021-04-27 01:36:07.231000,4187.752,4187.054,2250,4190
2021-04-27 01:36:07.281000,4187.701,4187.054,2250,2250
2021-04-27 01:36:08.878000,4187.763,4187.351,460,2250
2021-04-27 01:36:08.929000,4188.052,4187.348,2250,2250
2021-04-27 01:36:09.042000,4187.761,4187.048,2250,4190
2021-04-27 01:36:09.092000,4187.764,4187.042,2250,2250
2021-04-27 01:36:09.936000,4187.703,4187.333,460,2250
2021-04-27 01:36:09.986000,4188.055,4187.339,2250,2250
2021-04-27 01:36:13.130000,4188.063,4187.545,460,2250
2021-04-27 01:36:13.180000,4188.264,4187.599,2250,2250
2021-04-27 01:36:16.981000,4188.269,4187.899,460,2250
2021-04-27 01:36:17.032000,4188.546,4187.899,2250,2250
2021-04-27 01:36:20.374000,4188.551,4188.036,460,2250
2021-04-27 01:36:20.425000,4188.752,4188.042,2250,2250
2021-04-27 01:36:24.573000,4188.546,4187.833,2250,4190
2021-04-27 01:36:24.623000,4188.561,4187.851,2250,2250
2021-04-27 01:36:27.837000,4188.563,4188.036,460,2250
2021-04-27 01:36:27.888000,4188.755,4188.048,2250,2250
2021-04-27 01:36:30.294000,4188.769,4188.354,460,2250
2021-04-27 01:36:30.345000,4189.067,4188.351,2250,2250
2021-04-27 01:36:37.003000,4188.764,4188.036,2250,4190
2021-04-27 01:36:37.053000,4188.746,4188.048,2250,2250
2021-04-27 01:36:41.447000,4188.564,4187.854,2250,4190
2021-04-27 01:36:41.497000,4188.564,4187.839,2250,2250
2021-04-27 01:36:46.848000,4188.246,4187.599,2250,4190
2021-04-27 01:36:46.899000,4188.264,4187.551,2250,2250
2021-04-27 01:36:47.013000,4188.246,4187.545,2250,4190
2021-04-27 01:36:47.063000,4188.464,4187.742,2250,2250
2021-04-27 01:36:47.760000,4188.467,4187.745,2250,4190
2021-04-27 01:36:47.810000,4188.549,4187.845,2250,2250
2021-04-27 01:36:48.200000,4188.264,4187.599,2250,4190
2021-04-27 01:36:48.250000,4188.261,4187.533,2250,2250
2021-04-27 01:36:48.670000,4188.248,4187.851,460,2250
2021-04-27 01:36:48.720000,4188.567,4187.839,2250,2250
2021-04-27 01:36:52.094000,4188.258,4187.551,2250,4190
2021-04-27 01:36:52.145000,4188.258,4187.554,2250,2250
2021-04-27 01:36:54.017000,4188.046,4187.345,2250,4190
2021-04-27 01:36:54.067000,4188.052,4187.348,2250,2250
2021-04-27 01:36:54.344000,4188.003,4187.536,460,2250
2021-04-27 01:36:54.394000,4188.252,4187.599,2250,2250
2021-04-27 01:36:54.665000,4188.058,4187.339,2250,4190
2021-04-27 01:36:54.715000,4188.046,4187.339,2250,2250
2021-04-27 01:36:55.521000,4188.06,4187.599,460,2250
2021-04-27 01:36:55.571000,4188.255,4187.554,2250,2250
2021-04-27 01:37:02.385000,4188.203,4187.842,460,2250
2021-04-27 01:37:02.435000,4188.552,4187.839,2250,2250
2021-04-27 01:37:09.829000,4188.569,4188.048,460,2250
2021-04-27 01:37:09.879000,4188.764,4188.036,2250,2250
2021-04-27 01:37:10.528000,4188.555,4187.839,2250,4190
2021-04-27 01:37:10.578000,4188.564,4187.833,2250,2250
2021-04-27 01:37:15.536000,4188.261,4187.551,2250,4190
2021-04-27 01:37:15.586000,4188.258,4187.554,2250,2250
2021-04-27 01:37:21.573000,4188.046,4187.333,2250,4190
2021-04-27 01:37:21.624000,4188.046,4187.339,2250,2250
2021-04-27 01:37:31.459000,4188.069,4187.548,460,2250
2021-04-27 01:37:31.509000,4188.201,4187.539,2250,2250
2021-04-27 01:37:35.936000,4188.254,4187.833,460,2250
2021-04-27 01:37:35.987000,4188.555,4187.833,2250,2250
2021-04-27 01:37:36.546000,4188.261,4187.536,2250,4190
2021-04-27 01:37:36.596000,4188.264,4187.539,2250,2250
2021-04-27 01:37:37.666000,4188.263,4187.845,460,2250
2021-04-27 01:37:37.716000,4188.564,4187.839,2250,2250
2021-04-27 01:37:38.310000,4188.464,4187.742,2250,4190
2021-04-27 01:37:38.360000,4188.464,4187.736,2250,2250
2021-04-27 01:37:38.483000,4188.403,4187.839,460,2250
2021-04-27 01:37:38.533000,4188.564,4187.839,2250,2250
2021-04-27 01:37:41.313000,4188.446,4187.739,2250,4190
2021-04-27 01:37:41.363000,4188.458,4187.745,2250,2250
2021-04-27 01:37:41.662000,4188.269,4187.799,460,2250
2021-04-27 01:37:41.712000,4188.267,4187.545,2250,2250
2021-04-27 01:37:43.676000,4188.263,4187.842,460,2250
2021-04-27 01:37:43.727000,4188.549,4187.848,2250,2250
2021-04-27 01:37:44.264000,4188.246,4187.551,2250,4190
2021-04-27 01:37:44.314000,4188.246,4187.554,2250,2250
2021-04-27 01:37:48.965000,4188.055,4187.351,2250,4190
2021-04-27 01:37:49.016000,4188.001,4187.333,2250,2250
2021-04-27 01:37:49.450000,4188.054,4187.551,460,2250
2021-04-27 01:37:49.500000,4188.255,4187.554,2250,2250
2021-04-27 01:37:50.207000,4188.155,4187.499,2250,4190
2021-04-27 01:37:50.258000,4188.158,4187.439,2250,2250
2021-04-27 01:37:50.379000,4188.049,4187.333,2250,4190
2021-04-27 01:37:50.429000,4188.049,4187.345,2250,2250
2021-04-27 01:37:55.519000,4188.063,4187.554,460,2250
2021-04-27 01:37:55.569000,4188.252,4187.536,2250,2250
2021-04-27 01:37:57.740000,4188.248,4187.833,460,2250
2021-04-27 01:37:57.791000,4188.558,4187.848,2250,2250
2021-04-27 01:37:58.063000,4188.264,4187.536,2250,4190
2021-04-27 01:37:58.114000,4188.261,4187.545,2250,2250
2021-04-27 01:37:58.224000,4188.248,4187.736,460,2250
2021-04-27 01:37:58.275000,4188.458,4187.799,2250,2250
2021-04-27 01:37:58.427000,4188.448,4187.833,460,2250
2021-04-27 01:37:58.478000,4188.555,4187.839,2250,2250
2021-04-27 01:37:59.983000,4188.458,4187.748,2250,4190
2021-04-27 01:38:00.034000,4188.455,4187.736,2250,2250
2021-04-27 01:38:00.385000,4188.463,4187.854,460,2250
2021-04-27 01:38:00.435000,4188.501,4187.836,2250,2250
2021-04-27 01:38:09.497000,4188.503,4188.048,460,2250
2021-04-27 01:38:09.547000,4188.758,4188.045,2250,2250
2021-04-27 01:38:19.884000,4188.769,4188.254,460,2250
2021-04-27 01:38:19.934000,4188.901,4188.236,2250,2250
2021-04-27 01:38:20.045000,4188.954,4188.333,460,2250
2021-04-27 01:38:20.095000,4189.064,4188.345,2250,2250
2021-04-27 01:38:29.915000,4189.064,4188.348,2250,4190
2021-04-27 01:38:29.965000,4189.246,4188.545,2250,2250
2021-04-27 01:38:30.556000,4189.26,4188.845,460,2250
2021-04-27 01:38:30.606000,4189.552,4188.845,2250,2250
2021-04-27 01:38:32.104000,4189.267,4188.551,2250,4190
2021-04-27 01:38:32.154000,4189.249,4188.539,2250,2250
2021-04-27 01:38:32.273000,4189.255,4188.551,2250,4190
2021-04-27 01:38:32.323000,4189.455,4188.739,2250,2250
2021-04-27 01:38:32.428000,4189.267,4188.548,2250,4190
2021-04-27 01:38:32.478000,4189.267,4188.542,2250,2250
2021-04-27 01:38:34.245000,4189.269,4188.899,460,2250
2021-04-27 01:38:34.295000,4189.564,4188.836,2250,2250
2021-04-27 01:38:34.728000,4189.252,4188.545,2250,4190
2021-04-27 01:38:34.778000,4189.246,4188.551,2250,2250
2021-04-27 01:38:34.890000,4189.269,4188.842,460,2250
2021-04-27 01:38:34.940000,4189.549,4188.854,2250,2250
2021-04-27 01:38:39.769000,4189.264,4188.542,2250,4190
2021-04-27 01:38:39.819000,4189.249,4188.554,2250,2250
2021-04-27 01:38:42.343000,4189.251,4188.754,460,2250
2021-04-27 01:38:42.393000,4189.446,4188.742,2250,2250
2021-04-27 01:38:42.658000,4189.252,4188.533,2250,4190
2021-04-27 01:38:42.711000,4189.261,4188.551,2250,2250
2021-04-27 01:38:43.464000,4189.257,4188.845,460,2250
2021-04-27 01:38:43.514000,4189.561,4188.836,2250,2250
2021-04-27 01:38:43.626000,4189.258,4188.599,2250,4190
