2021-04-15 00:00:00.106000,4131.752,4130.749,3610,4190
2021-04-15 00:00:00.156000,4131.761,4131.051,2250,2250
2021-04-15 00:00:02.044000,4131.455,4131.097,2250,890
2021-04-15 00:00:02.094000,4131.467,4130.733,2250,2250
2021-04-15 00:00:06.151000,4131.467,4130.54,3610,4190
2021-04-15 00:00:06.202000,4131.201,4130.554,2250,2250
2021-04-15 00:00:09.541000,4131.201,4130.734,2250,890
2021-04-15 00:00:09.592000,4131.461,4130.733,2250,2250
2021-04-15 00:00:28.883000,4131.446,4130.552,3610,4190
2021-04-15 00:00:28.933000,4131.264,4130.554,2250,2250
2021-04-15 00:00:53.895000,4131.446,4130.537,3610,4190
2021-04-15 00:00:53.945000,4131.452,4130.733,2250,2250
2021-04-15 00:00:54.053000,4131.455,4130.552,3610,4190
2021-04-15 00:00:54.103000,4131.267,4130.554,2250,2250
2021-04-15 00:00:54.220000,4131.246,4130.797,2250,890
2021-04-15 00:00:54.270000,4131.449,4130.736,2250,2250
2021-04-15 00:00:57.060000,4131.761,4130.749,3610,4190
2021-04-15 00:00:57.110000,4131.752,4131.045,2250,2250
2021-04-15 00:01:00.325000,4131.864,4131.049,3610,4190
2021-04-15 00:01:00.376000,4131.861,4131.145,2250,2250
2021-04-15 00:01:00.638000,4131.949,4131.143,3610,4190
2021-04-15 00:01:00.688000,4131.952,4131.236,2250,2250
2021-04-15 00:01:02.088000,4132.246,4131.243,3610,4190
2021-04-15 00:01:02.139000,4132.267,4131.533,2250,2250
2021-04-15 00:01:02.252000,4132.461,4131.534,3610,4190
2021-04-15 00:01:02.302000,4132.461,4131.799,2250,2250
2021-04-15 00:01:02.412000,4132.246,4131.551,2250,2250
2021-04-15 00:01:03.418000,4132.249,4131.743,2250,890
2021-04-15 00:01:03.468000,4132.461,4131.739,2250,2250
2021-04-15 00:01:05.832000,4132.767,4131.731,3610,4190
2021-04-15 00:01:05.882000,4132.749,4132.039,2250,2250
2021-04-15 00:01:06.858000,4132.461,4132.043,2250,890
2021-04-15 00:01:06.908000,4132.467,4131.754,2250,2250
2021-04-15 00:01:07.011000,4132.758,4131.749,3610,4190
2021-04-15 00:01:07.062000,4132.761,4132.045,2250,2250
2021-04-15 00:01:10.628000,4132.401,4132.031,2250,890
2021-04-15 00:01:10.678000,4132.467,4131.742,2250,2250
2021-04-15 00:01:10.790000,4132.452,4132.04,2250,890
2021-04-15 00:01:10.840000,4132.749,4132.045,2250,2250
2021-04-15 00:01:13.107000,4132.761,4131.752,3610,4190
2021-04-15 00:01:13.158000,4132.467,4131.799,2250,2250
2021-04-15 00:01:13.724000,4132.761,4131.737,3610,4190
2021-04-15 00:01:13.774000,4132.746,4132.039,2250,2250
2021-04-15 00:01:19.864000,4132.749,4132.249,2250,890
2021-04-15 00:01:19.914000,4132.961,4132.239,2250,2250
2021-04-15 00:01:22.892000,4133.201,4132.237,3610,4190
2021-04-15 00:01:22.942000,4133.264,4132.542,2250,2250
2021-04-15 00:01:23.052000,4133.255,4132.252,3610,4190
2021-04-15 00:01:23.102000,4132.961,4132.299,2250,2250
2021-04-15 00:01:23.379000,4133.158,4132.249,3610,4190
2021-04-15 00:01:23.429000,4133.158,4132.499,2250,2250
2021-04-15 00:01:23.695000,4133.152,4132.534,2250,890
2021-04-15 00:01:23.746000,4133.252,4132.539,2250,2250
2021-04-15 00:01:25.135000,4133.461,4132.549,3610,4190
2021-04-15 00:01:25.185000,4133.458,4132.742,2250,2250
2021-04-15 00:01:25.449000,4133.455,4132.534,3610,4190
2021-04-15 00:01:25.500000,4133.261,4132.548,2250,2250
2021-04-15 00:01:28.434000,4133.264,4132.297,3610,4190
2021-04-15 00:01:28.485000,4132.946,4132.299,2250,2250
2021-04-15 00:01:37.491000,4132.901,4132.043,3610,4190
2021-04-15 00:01:37.542000,4132.755,4132.036,2250,2250
2021-04-15 00:01:42.914000,4132.701,4132.249,2250,890
2021-04-15 00:01:42.964000,4132.967,4132.239,2250,2250
2021-04-15 00:01:43.972000,4132.961,4132.531,2250,890
2021-04-15 00:01:44.022000,4133.264,4132.542,2250,2250
2021-04-15 00:01:47.217000,4132.949,4132.537,2250,890
2021-04-15 00:01:47.267000,4132.949,4132.248,2250,2250
2021-04-15 00:01:51.429000,4132.946,4132.54,2250,890
2021-04-15 00:01:51.479000,4133.249,4132.554,2250,2250
2021-04-15 00:01:57.283000,4133.467,4132.537,3610,4190
2021-04-15 00:01:57.334000,4133.455,4132.799,2250,2250
2021-04-15 00:02:02.019000,4133.455,4133.049,2250,890
2021-04-15 00:02:02.069000,4133.752,4133.045,2250,2250
2021-04-15 00:02:03.159000,4133.958,4133.052,3610,4190
2021-04-15 00:02:03.209000,4133.961,4133.248,2250,2250
2021-04-15 00:02:05.111000,4133.964,4133.043,3610,4190
2021-04-15 00:02:05.162000,4133.761,4133.048,2250,2250
2021-04-15 00:02:08.761000,4133.764,4132.743,3610,4190
2021-04-15 00:02:08.811000,4133.455,4132.751,2250,2250
2021-04-15 00:02:12.673000,4133.461,4132.549,3610,4190
2021-04-15 00:02:12.723000,4133.249,4132.542,2250,2250
2021-04-15 00:02:14.661000,4133.264,4132.74,2250,890
2021-04-15 00:02:14.711000,4133.452,4132.745,2250,2250
2021-04-15 00:02:18.399000,4133.264,4132.752,2250,890
2021-04-15 00:02:18.450000,4133.261,4132.599,2250,2250
2021-04-15 00:02:29.717000,4133.146,4132.537,2250,890
2021-04-15 00:02:29.767000,4133.161,4132.442,2250,2250
2021-04-15 00:02:29.878000,4133.246,4132.434,3610,4190
2021-04-15 00:02:29.928000,4133.258,4132.548,2250,2250
2021-04-15 00:02:33.157000,4132.964,4132.534,2250,890
2021-04-15 00:02:33.207000,4132.961,4132.239,2250,2250
2021-04-15 00:02:38.400000,4132.764,4132.252,2250,890
2021-04-15 00:02:38.451000,4132.746,4132.051,2250,2250
2021-04-15 00:02:39.037000,4132.758,4132.252,2250,890
2021-04-15 00:02:39.087000,4132.958,4132.233,2250,2250
2021-04-15 00:02:39.685000,4132.901,4132.137,3610,4190
2021-04-15 00:02:39.736000,4132.801,4132.151,2250,2250
2021-04-15 00:02:39.847000,4132.864,4132.052,3610,4190
2021-04-15 00:02:39.898000,4132.758,4132.045,2250,2250
2021-04-15 00:02:40.553000,4132.958,4132.046,3610,4190
2021-04-15 00:02:40.603000,4132.958,4132.245,2250,2250
2021-04-15 00:02:40.876000,4132.949,4132.049,3610,4190
2021-04-15 00:02:40.926000,4132.749,4132.039,2250,2250
2021-04-15 00:02:54.073000,4132.958,4132.097,3610,4190
2021-04-15 00:02:54.123000,4132.958,4132.251,2250,2250
2021-04-15 00:02:56.458000,4132.952,4132.049,3610,4190
2021-04-15 00:02:56.509000,4132.752,4132.051,2250,2250
2021-04-15 00:03:01.668000,4132.761,4132.252,2250,890
2021-04-15 00:03:01.719000,4132.952,4132.233,2250,2250
2021-04-15 00:03:02.275000,4132.746,4132.237,2250,890
2021-04-15 00:03:02.325000,4132.749,4132.054,2250,2250
2021-04-15 00:03:19.548000,4132.701,4132.234,2250,890
2021-04-15 00:03:19.599000,4132.946,4132.251,2250,2250
2021-04-15 00:03:20.677000,4132.701,4132.237,2250,890
2021-04-15 00:03:20.728000,4132.764,4132.033,2250,2250
2021-04-15 00:03:23.733000,4132.958,4132.04,3610,4190
2021-04-15 00:03:23.784000,4132.955,4132.254,2250,2250
2021-04-15 00:03:29.389000,4132.764,4132.297,2250,890
2021-04-15 00:03:29.439000,4132.749,4132.099,2250,2250
2021-04-15 00:03:45.421000,4132.767,4131.752,3610,4190
2021-04-15 00:03:45.472000,4132.467,4131.736,2250,2250
2021-04-15 00:03:47.337000,4132.701,4131.752,3610,4190
2021-04-15 00:03:47.387000,4132.761,4132.054,2250,2250
2021-04-15 00:03:49.373000,4132.449,4132.037,2250,890
2021-04-15 00:03:49.423000,4132.401,4131.745,2250,2250
2021-04-15 00:03:52.033000,4132.755,4131.749,3610,4190
2021-04-15 00:03:52.083000,4132.749,4132.039,2250,2250
2021-04-15 00:03:52.547000,4132.746,4131.946,3610,4190
2021-04-15 00:03:52.597000,4132.649,4131.954,2250,2250
2021-04-15 00:03:52.707000,4132.461,4131.952,2250,890
2021-04-15 00:03:52.758000,4132.455,4131.748,2250,2250
2021-04-15 00:04:00.903000,4132.767,4131.749,3610,4190
2021-04-15 00:04:00.953000,4132.746,4132.042,2250,2250
2021-04-15 00:04:01.809000,4132.758,4131.797,3610,4190
2021-04-15 00:04:01.859000,4132.458,4131.742,2250,2250
2021-04-15 00:04:05.824000,4132.655,4131.746,3610,4190
2021-04-15 00:04:05.875000,4132.667,4131.936,2250,2250
2021-04-15 00:04:06.175000,4132.667,4132.037,2250,890
2021-04-15 00:04:06.225000,4132.764,4132.036,2250,2250
2021-04-15 00:04:11.519000,4132.761,4131.797,3610,4190
2021-04-15 00:04:11.570000,4132.452,4131.748,2250,2250
2021-04-15 00:04:20.588000,4132.767,4131.749,3610,4190
2021-04-15 00:04:20.639000,4132.758,4132.039,2250,2250
2021-04-15 00:04:25.230000,4132.601,4132.049,2250,890
2021-04-15 00:04:25.280000,4132.601,4131.936,2250,2250
2021-04-15 00:04:25.392000,4132.746,4131.952,3610,4190
2021-04-15 00:04:25.442000,4132.752,4132.045,2250,2250
2021-04-15 00:04:48.277000,4132.755,4131.743,3610,4190
2021-04-15 00:04:48.328000,4132.458,4131.745,2250,2250
2021-04-15 00:04:49.113000,4132.764,4131.74,3610,4190
2021-04-15 00:04:49.163000,4132.749,4132.048,2250,2250
2021-04-15 00:04:55.637000,4132.767,4131.734,3610,4190
2021-04-15 00:04:55.687000,4132.467,4131.733,2250,2250
2021-04-15 00:05:03.025000,4132.767,4131.731,3610,4190
2021-04-15 00:05:03.080000,4132.758,4132.033,2250,2250
2021-04-15 00:05:04.858000,4132.455,4132.034,2250,890
2021-04-15 00:05:04.909000,4132.467,4131.736,2250,2250
2021-04-15 00:05:05.016000,4132.764,4131.731,3610,4190
2021-04-15 00:05:05.066000,4132.761,4132.099,2250,2250
2021-04-15 00:05:05.793000,4132.464,4131.733,2250,2250
2021-04-15 00:05:06.124000,4132.767,4131.734,3610,4190
2021-04-15 00:05:06.174000,4132.761,4132.054,2250,2250
2021-04-15 00:05:06.284000,4132.749,4131.94,3610,4190
2021-04-15 00:05:06.334000,4132.601,4131.945,2250,2250
2021-04-15 00:05:06.445000,4132.746,4131.94,3610,4190
2021-04-15 00:05:06.495000,4132.758,4132.054,2250,2250
2021-04-15 00:05:17.435000,4132.649,4132.043,2250,890
2021-04-15 00:05:17.485000,4132.664,4131.948,2250,2250
2021-04-15 00:05:17.926000,4132.401,4131.937,2250,890
2021-04-15 00:05:17.976000,4132.452,4131.733,2250,2250
2021-04-15 00:05:22.935000,4132.455,4132.052,2250,890
2021-04-15 00:05:22.985000,4132.761,4132.099,2250,2250
2021-04-15 00:05:26.792000,4132.752,4132.234,2250,890
2021-04-15 00:05:26.842000,4132.964,4132.233,2250,2250
2021-04-15 00:05:26.944000,4132.764,4132.234,2250,890
2021-04-15 00:05:26.994000,4132.752,4132.039,2250,2250
2021-04-15 00:05:36.413000,4132.458,4132.034,2250,890
2021-04-15 00:05:36.463000,4132.461,4131.733,2250,2250
2021-04-15 00:05:54.070000,4132.358,4131.734,2250,890
2021-04-15 00:05:54.120000,4132.361,4131.633,2250,2250
2021-04-15 00:05:54.236000,4132.258,4131.649,2250,890
2021-04-15 00:05:54.286000,4132.267,4131.551,2250,2250
2021-04-15 00:06:05.109000,4132.264,4131.731,2250,890
2021-04-15 00:06:05.160000,4132.455,4131.745,2250,2250
2021-04-15 00:06:14.508000,4132.464,4132.037,2250,890
2021-04-15 00:06:14.558000,4132.749,4132.036,2250,2250
2021-04-15 00:06:20.257000,4132.767,4131.746,3610,4190
2021-04-15 00:06:20.308000,4132.467,4131.742,2250,2250
2021-04-15 00:06:36.484000,4132.252,4131.749,2250,890
2021-04-15 00:06:36.534000,4132.246,4131.533,2250,2250
2021-04-15 00:06:37.303000,4132.452,4131.597,3610,4190
2021-04-15 00:06:37.353000,4132.461,4131.799,2250,2250
2021-04-15 00:06:39.465000,4132.752,4131.749,3610,4190
2021-04-15 00:06:39.515000,4132.749,4132.054,2250,2250
2021-04-15 00:06:46.060000,4132.955,4132.043,3610,4190
2021-04-15 00:06:46.110000,4132.949,4132.251,2250,2250
2021-04-15 00:06:51.621000,4132.964,4132.031,3610,4190
2021-04-15 00:06:51.672000,4132.758,4132.099,2250,2250
2021-04-15 00:06:54.333000,4132.746,4132.237,2250,890
2021-04-15 00:06:54.383000,4132.949,4132.236,2250,2250
2021-04-15 00:07:01.420000,4133.267,4132.297,3610,4190
2021-04-15 00:07:01.470000,4133.252,4132.533,2250,2250
2021-04-15 00:07:02.528000,4132.958,4132.534,2250,890
2021-04-15 00:07:02.579000,4132.958,4132.299,2250,2250
2021-04-15 00:07:38.730000,4132.964,4132.537,2250,890
2021-04-15 00:07:38.780000,4133.261,4132.548,2250,2250
2021-04-15 00:07:39.489000,4133.201,4132.249,3610,4190
2021-04-15 00:07:39.539000,4132.961,4132.299,2250,2250
2021-04-15 00:07:45.642000,4132.964,4132.097,3610,4190
2021-04-15 00:07:45.693000,4132.764,4132.051,2250,2250
2021-04-15 00:08:18.394000,4132.758,4132.297,2250,890
2021-04-15 00:08:18.444000,4132.952,4132.254,2250,2250
2021-04-15 00:08:22.062000,4132.958,4132.034,3610,4190
2021-04-15 00:08:22.113000,4132.764,4132.042,2250,2250
2021-04-15 00:08:22.542000,4132.749,4132.246,2250,890
2021-04-15 00:08:22.593000,4132.967,4132.254,2250,2250
2021-04-15 00:08:22.941000,4132.958,4132.143,3610,4190
2021-04-15 00:08:22.992000,4132.864,4132.136,2250,2250
2021-04-15 00:08:23.797000,4132.958,4132.134,3610,4190
2021-04-15 00:08:23.847000,4132.901,4132.233,2250,2250
2021-04-15 00:08:35.062000,4132.755,4132.231,2250,890
2021-04-15 00:08:35.113000,4132.761,4132.036,2250,2250
2021-04-15 00:08:35.378000,4132.755,4132.246,2250,890
2021-04-15 00:08:35.428000,4132.949,4132.254,2250,2250
2021-04-15 00:08:40.309000,4132.764,4132.249,2250,890
2021-04-15 00:08:40.359000,4132.701,4132.054,2250,2250
2021-04-15 00:08:44.576000,4132.749,4132.237,2250,890
2021-04-15 00:08:44.626000,4132.949,4132.251,2250,2250
2021-04-15 00:08:47.390000,4132.961,4132.046,3610,4190
2021-04-15 00:08:47.440000,4132.758,4132.054,2250,2250
2021-04-15 00:08:57.555000,4132.758,4132.24,2250,890
2021-04-15 00:08:57.606000,4132.958,4132.251,2250,2250
2021-04-15 00:09:05.806000,4133.167,4132.237,3610,4190
2021-04-15 00:09:05.856000,4133.161,4132.448,2250,2250
2021-04-15 00:09:05.969000,4133.258,4132.443,3610,4190
2021-04-15 00:09:06.019000,4133.249,4132.554,2250,2250
2021-04-15 00:09:07.457000,4133.158,4132.597,2250,890
2021-04-15 00:09:07.507000,4133.158,4132.439,2250,2250
2021-04-15 00:09:07.963000,4133.146,4132.549,2250,890
2021-04-15 00:09:08.013000,4133.252,4132.536,2250,2250
2021-04-15 00:09:13.287000,4133.452,4132.549,3610,4190
2021-04-15 00:09:13.337000,4133.449,4132.742,2250,2250
2021-04-15 00:09:13.957000,4133.449,4133.052,2250,890
2021-04-15 00:09:14.007000,4133.755,4133.036,2250,2250
2021-04-15 00:09:14.279000,4133.746,4132.737,3610,4190
2021-04-15 00:09:14.329000,4133.458,4132.745,2250,2250
2021-04-15 00:09:28.278000,4133.761,4132.746,3610,4190
2021-04-15 00:09:28.329000,4133.749,4133.039,2250,2250
2021-04-15 00:09:28.452000,4133.461,4133.052,2250,890
2021-04-15 00:09:28.502000,4133.452,4132.739,2250,2250
2021-04-15 00:09:28.925000,4133.455,4132.943,2250,890
2021-04-15 00:09:28.975000,4133.649,4132.936,2250,2250
2021-04-15 00:09:29.377000,4133.452,4132.997,2250,890
2021-04-15 00:09:29.428000,4133.467,4132.739,2250,2250
2021-04-15 00:09:38.645000,4133.755,4132.731,3610,4190
2021-04-15 00:09:38.695000,4133.701,4133.033,2250,2250
2021-04-15 00:09:45.744000,4133.458,4133.049,2250,890
2021-04-15 00:09:45.795000,4133.446,4132.751,2250,2250
2021-04-15 00:09:48.514000,4133.764,4132.752,3610,4190
2021-04-15 00:09:48.564000,4133.749,4133.051,2250,2250
2021-04-15 00:09:54.872000,4133.701,4133.237,2250,890
2021-04-15 00:09:54.922000,4133.955,4133.248,2250,2250
2021-04-15 00:09:55.653000,4133.701,4133.237,2250,890
2021-04-15 00:09:55.703000,4133.752,4133.039,2250,2250
2021-04-15 00:09:56.605000,4133.949,4133.04,3610,4190
2021-04-15 00:09:56.655000,4133.958,4133.254,2250,2250
2021-04-15 00:10:01.106000,4134.264,4133.545,2250,2250
2021-04-15 00:10:01.582000,4133.964,4133.549,2250,890
2021-04-15 00:10:01.633000,4133.964,4133.236,2250,2250
2021-04-15 00:10:11.658000,4133.967,4133.034,3610,4190
2021-04-15 00:10:11.709000,4133.752,4133.051,2250,2250
2021-04-15 00:10:13.501000,4133.746,4133.237,2250,890
2021-04-15 00:10:13.551000,4133.949,4133.233,2250,2250
2021-04-15 00:10:14.644000,4133.967,4133.097,3610,4190
2021-04-15 00:10:14.695000,4133.755,4133.033,2250,2250
2021-04-15 00:10:16.986000,4133.952,4133.037,3610,4190
2021-04-15 00:10:17.036000,4133.967,4133.248,2250,2250
2021-04-15 00:10:19.995000,4134.267,4133.249,3610,4190
2021-04-15 00:10:20.045000,4134.249,4133.533,2250,2250
2021-04-15 00:10:24.895000,4134.201,4133.297,3610,4190
2021-04-15 00:10:24.946000,4133.958,4133.233,2250,2250
2021-04-15 00:10:34.355000,4133.764,4133.24,2250,890
2021-04-15 00:10:34.406000,4133.761,4133.054,2250,2250
2021-04-15 00:11:11.100000,4133.958,4133.097,3610,4190
2021-04-15 00:11:11.150000,4133.949,4133.299,2250,2250
2021-04-15 00:11:11.744000,4133.755,4133.297,2250,890
2021-04-15 00:11:11.794000,4133.752,4133.045,2250,2250
2021-04-15 00:11:45.615000,4133.452,4133.097,2250,890
2021-04-15 00:11:45.665000,4133.452,4132.745,2250,2250
2021-04-15 00:11:55.565000,4133.346,4132.749,2250,890
2021-04-15 00:11:55.616000,4133.349,4132.654,2250,2250
2021-04-15 00:11:56.588000,4133.452,4132.637,3610,4190
2021-04-15 00:11:56.639000,4133.464,4132.799,2250,2250
2021-04-15 00:11:57.231000,4133.455,4132.697,3610,4190
2021-04-15 00:11:57.281000,4133.346,4132.642,2250,2250
2021-04-15 00:11:57.823000,4133.455,4132.637,3610,4190
2021-04-15 00:11:57.873000,4133.461,4132.745,2250,2250
2021-04-15 00:11:57.987000,4133.455,4132.646,3610,4190
2021-04-15 00:11:58.037000,4133.355,4132.633,2250,2250
2021-04-15 00:11:59.030000,4133.246,4132.64,2250,890
2021-04-15 00:11:59.080000,4133.252,4132.545,2250,2250
2021-04-15 00:12:16.972000,4133.101,4132.534,2250,890
2021-04-15 00:12:17.022000,4133.152,4132.445,2250,2250
2021-04-15 00:12:17.131000,4133.152,4132.234,3610,4190
2021-04-15 00:12:17.182000,4132.964,4132.236,2250,2250
2021-04-15 00:12:41.473000,4133.201,4132.234,3610,4190
2021-04-15 00:12:41.523000,4133.252,4132.539,2250,2250
2021-04-15 00:12:50.028000,4133.258,4132.246,3610,4190
2021-04-15 00:12:50.079000,4132.952,4132.248,2250,2250
2021-04-15 00:12:51.864000,4133.258,4132.243,3610,4190
2021-04-15 00:12:51.915000,4133.264,4132.599,2250,2250
2021-04-15 00:13:00.257000,4133.261,4132.743,2250,890
2021-04-15 00:13:00.307000,4133.464,4132.799,2250,2250
2021-04-15 00:13:00.739000,4133.258,4132.797,2250,890
2021-04-15 00:13:00.789000,4133.264,4132.599,2250,2250
2021-04-15 00:13:01.090000,4133.349,4132.546,3610,4190
2021-04-15 00:13:01.140000,4133.352,4132.639,2250,2250
2021-04-15 00:13:01.682000,4133.349,4132.546,3610,4190
2021-04-15 00:13:01.732000,4133.249,4132.548,2250,2250
2021-04-15 00:13:01.847000,4133.367,4132.531,3610,4190
2021-04-15 00:13:01.897000,4133.364,4132.651,2250,2250
2021-04-15 00:13:02.002000,4133.355,4132.534,3610,4190
2021-04-15 00:13:02.052000,4133.252,4132.545,2250,2250
2021-04-15 00:13:03.909000,4133.249,4132.743,2250,890
2021-04-15 00:13:03.959000,4133.458,4132.754,2250,2250
2021-04-15 00:13:08.686000,4133.458,4133.097,2250,890
2021-04-15 00:13:08.736000,4133.764,4133.042,2250,2250
2021-04-15 00:13:15.125000,4133.461,4133.046,2250,890
2021-04-15 00:13:15.175000,4133.401,4132.739,2250,2250
2021-04-15 00:13:18.587000,4133.467,4133.046,2250,890
2021-04-15 00:13:18.637000,4133.758,4133.045,2250,2250
2021-04-15 00:13:33.996000,4133.446,4133.04,2250,890
2021-04-15 00:13:34.046000,4133.449,4132.745,2250,2250
2021-04-15 00:13:35.206000,4133.458,4133.034,2250,890
2021-04-15 00:13:35.257000,4133.701,4133.045,2250,2250
2021-04-15 00:13:36.113000,4133.452,4133.049,2250,890
2021-04-15 00:13:36.163000,4133.464,4132.799,2250,2250
2021-04-15 00:13:42.001000,4133.461,4133.034,2250,890
2021-04-15 00:13:42.051000,4133.758,4133.033,2250,2250
2021-04-15 00:13:42.539000,4133.464,4133.097,2250,890
2021-04-15 00:13:42.589000,4133.458,4132.733,2250,2250
2021-04-15 00:13:49.648000,4133.464,4132.597,3610,4190
2021-04-15 00:13:49.699000,4133.255,4132.551,2250,2250
2021-04-15 00:13:56.372000,4132.955,4132.549,2250,890
2021-04-15 00:13:56.422000,4132.964,4132.242,2250,2250
2021-04-15 00:13:57.157000,4133.252,4132.249,3610,4190
2021-04-15 00:13:57.207000,4133.252,4132.533,2250,2250
2021-04-15 00:13:59.566000,4132.952,4132.531,2250,890
2021-04-15 00:13:59.616000,4132.964,4132.233,2250,2250
2021-04-15 00:14:04.393000,4133.249,4132.231,3610,4190
2021-04-15 00:14:04.443000,4133.252,4132.599,2250,2250
2021-04-15 00:14:05.725000,4133.155,4132.543,2250,890
2021-04-15 00:14:05.775000,4133.152,4132.436,2250,2250
2021-04-15 00:14:05.887000,4133.249,4132.497,3610,4190
2021-04-15 00:14:05.937000,4133.246,4132.551,2250,2250
2021-04-15 00:14:07.345000,4132.958,4132.552,2250,890
2021-04-15 00:14:07.396000,4132.901,4132.248,2250,2250
2021-04-15 00:14:07.927000,4132.901,4132.446,2250,890
2021-04-15 00:14:07.977000,4133.149,4132.451,2250,2250
2021-04-15 00:14:08.087000,4133.264,4132.497,3610,4190
2021-04-15 00:14:08.138000,4133.252,4132.533,2250,2250
2021-04-15 00:14:10.032000,4133.246,4132.497,3610,4190
2021-04-15 00:14:10.083000,4133.155,4132.439,2250,2250
2021-04-15 00:14:10.794000,4132.961,4132.497,2250,890
2021-04-15 00:14:10.845000,4132.967,4132.251,2250,2250
2021-04-15 00:14:10.949000,4133.267,4132.24,3610,4190
2021-04-15 00:14:10.999000,4133.201,4132.536,2250,2250
2021-04-15 00:14:12.019000,4133.264,4132.431,3610,4190
2021-04-15 00:14:12.069000,4133.161,4132.448,2250,2250
2021-04-15 00:14:12.181000,4132.952,4132.446,2250,890
2021-04-15 00:14:12.231000,4132.901,4132.251,2250,2250
2021-04-15 00:14:15.760000,4132.955,4132.534,2250,890
2021-04-15 00:14:15.810000,4133.255,4132.554,2250,2250
2021-04-15 00:14:15.913000,4133.101,4132.543,2250,890
2021-04-15 00:14:15.964000,4133.152,4132.436,2250,2250
2021-04-15 00:14:16.215000,4132.964,4132.446,2250,890
2021-04-15 00:14:16.265000,4132.952,4132.251,2250,2250
2021-04-15 00:14:32.803000,4132.949,4132.597,2250,890
2021-04-15 00:14:32.853000,4133.246,4132.545,2250,2250
2021-04-15 00:14:54.388000,4133.249,4132.752,2250,890
2021-04-15 00:14:54.438000,4133.449,4132.799,2250,2250
2021-04-15 00:15:05.500000,4133.449,4133.046,2250,890
2021-04-15 00:15:05.551000,4133.758,4133.054,2250,2250
2021-04-15 00:15:09.158000,4133.952,4133.043,3610,4190
2021-04-15 00:15:09.208000,4133.955,4133.233,2250,2250
2021-04-15 00:15:17.032000,4134.252,4133.231,3610,4190
2021-04-15 00:15:17.082000,4134.267,4133.536,2250,2250
2021-04-15 00:15:21.212000,4134.449,4133.531,3610,4190
2021-04-15 00:15:21.262000,4134.401,4133.733,2250,2250
2021-04-15 00:15:21.857000,4134.246,4133.734,2250,890
2021-04-15 00:15:21.907000,4134.255,4133.551,2250,2250
2021-04-15 00:15:30.301000,4133.949,4133.543,2250,890
2021-04-15 00:15:30.352000,4133.901,4133.236,2250,2250
2021-04-15 00:15:30.625000,4133.955,4133.543,2250,890
2021-04-15 00:15:30.675000,4134.267,4133.536,2250,2250
2021-04-15 00:15:31.825000,4133.946,4133.531,2250,890
2021-04-15 00:15:31.876000,4133.961,4133.236,2250,2250
2021-04-15 00:15:31.987000,4134.261,4133.297,3610,4190
2021-04-15 00:15:32.037000,4134.261,4133.548,2250,2250
2021-04-15 00:15:34.091000,4133.901,4133.597,2250,890
2021-04-15 00:15:34.142000,4133.952,4133.233,2250,2250
2021-04-15 00:15:35.888000,4134.246,4133.243,3610,4190
2021-04-15 00:15:35.939000,4134.264,4133.551,2250,2250
2021-04-15 00:15:36.372000,4133.961,4133.552,2250,890
2021-04-15 00:15:36.422000,4133.946,4133.239,2250,2250
2021-04-15 00:15:41.870000,4133.946,4133.54,2250,890
2021-04-15 00:15:41.920000,4134.246,4133.533,2250,2250
2021-04-15 00:15:44.320000,4134.449,4133.552,3610,4190
2021-04-15 00:15:44.371000,4134.452,4133.751,2250,2250
2021-04-15 00:15:45.231000,4134.246,4133.731,2250,890
2021-04-15 00:15:45.282000,4134.252,4133.542,2250,2250
2021-04-15 00:15:49.832000,4134.258,4133.231,3610,4190
2021-04-15 00:15:49.882000,4133.955,4133.242,2250,2250
2021-04-15 00:15:50.137000,4133.967,4132.797,3610,4190
2021-04-15 00:15:50.188000,4133.461,4132.736,2250,2250
2021-04-15 00:15:59.125000,4133.201,4132.749,2250,890
2021-04-15 00:15:59.176000,4133.252,4132.599,2250,2250
2021-04-15 00:16:07.093000,4133.261,4132.731,2250,890
2021-04-15 00:16:07.143000,4133.467,4132.799,2250,2250
2021-04-15 00:16:07.415000,4133.449,4132.543,3610,4190
2021-04-15 00:16:07.466000,4133.264,4132.548,2250,2250
2021-04-15 00:16:07.885000,4133.355,4132.537,3610,4190
2021-04-15 00:16:07.935000,4133.355,4132.699,2250,2250
2021-04-15 00:16:08.338000,4133.461,4132.643,3610,4190
2021-04-15 00:16:08.388000,4133.464,4132.751,2250,2250
2021-04-15 00:16:11.994000,4133.449,4133.043,2250,890
2021-04-15 00:16:12.045000,4133.767,4133.048,2250,2250
2021-04-15 00:16:16.277000,4133.452,4133.031,2250,890
2021-04-15 00:16:16.328000,4133.449,4132.742,2250,2250
2021-04-15 00:17:15.637000,4133.752,4132.743,3610,4190
2021-04-15 00:17:15.687000,4133.701,4133.048,2250,2250
2021-04-15 00:17:27.051000,4133.467,4133.031,2250,890
2021-04-15 00:17:27.101000,4133.401,4132.739,2250,2250
2021-04-15 00:17:32.762000,4133.455,4132.543,3610,4190
2021-04-15 00:17:32.813000,4133.258,4132.542,2250,2250
2021-04-15 00:17:42.210000,4132.955,4132.531,2250,890
2021-04-15 00:17:42.260000,4132.961,4132.251,2250,2250
2021-04-15 00:17:44.609000,4133.267,4132.231,3610,4190
2021-04-15 00:17:44.659000,4133.249,4132.548,2250,2250
2021-04-15 00:18:16.418000,4132.949,4132.531,2250,890
2021-04-15 00:18:16.469000,4132.961,4132.236,2250,2250
2021-04-15 00:18:24.291000,4132.767,4132.234,2250,890
2021-04-15 00:18:24.341000,4132.767,4132.042,2250,2250
2021-04-15 00:18:28.453000,4132.958,4132.043,3610,4190
2021-04-15 00:18:28.503000,4132.901,4132.236,2250,2250
2021-04-15 00:18:28.619000,4132.764,4132.231,2250,890
2021-04-15 00:18:28.669000,4132.746,4132.048,2250,2250
2021-04-15 00:18:29.372000,4132.701,4132.246,2250,890
2021-04-15 00:18:29.422000,4132.964,4132.239,2250,2250
2021-04-15 00:18:30.171000,4132.764,4132.237,2250,890
2021-04-15 00:18:30.222000,4132.758,4132.036,2250,2250
2021-04-15 00:18:30.594000,4132.949,4132.043,3610,4190
2021-04-15 00:18:30.644000,4132.958,4132.233,2250,2250
2021-04-15 00:18:31.409000,4132.701,4132.297,2250,890
2021-04-15 00:18:31.459000,4132.767,4132.042,2250,2250
2021-04-15 00:18:44.870000,4132.958,4132.031,3610,4190
2021-04-15 00:18:44.921000,4132.901,4132.233,2250,2250
2021-04-15 00:18:49.920000,4132.764,4132.252,2250,890
2021-04-15 00:18:49.971000,4132.767,4132.054,2250,2250
2021-04-15 00:19:03.372000,4132.949,4132.034,3610,4190
2021-04-15 00:19:03.422000,4132.967,4132.248,2250,2250
2021-04-15 00:19:06.228000,4132.746,4132.24,2250,890
2021-04-15 00:19:06.278000,4132.767,4132.033,2250,2250
2021-04-15 00:19:26.742000,4132.461,4132.04,2250,890
2021-04-15 00:19:26.792000,4132.458,4131.739,2250,2250
2021-04-15 00:19:56.497000,4132.255,4131.737,2250,890
2021-04-15 00:19:56.547000,4132.252,4131.539,2250,2250
2021-04-15 00:20:05.641000,4132.401,4131.552,3610,4190
2021-04-15 00:20:05.691000,4132.458,4131.745,2250,2250
2021-04-15 00:20:15.036000,4132.401,4131.552,3610,4190
2021-04-15 00:20:15.086000,4132.264,4131.539,2250,2250
2021-04-15 00:20:22.798000,4131.946,4131.543,2250,890
2021-04-15 00:20:22.848000,4131.964,4131.245,2250,2250
2021-04-15 00:20:24.231000,4131.746,4131.231,2250,890
2021-04-15 00:20:24.281000,4131.746,4131.054,2250,2250
2021-04-15 00:20:25.227000,4131.764,4131.24,2250,890
2021-04-15 00:20:25.277000,4131.964,4131.254,2250,2250
2021-04-15 00:20:25.861000,4131.761,4131.243,2250,890
2021-04-15 00:20:25.912000,4131.752,4131.048,2250,2250
2021-04-15 00:20:31.564000,4131.452,4131.049,2250,890
2021-04-15 00:20:31.614000,4131.455,4130.742,2250,2250
2021-04-15 00:20:43.657000,4131.467,4130.934,2250,890
2021-04-15 00:20:43.707000,4131.664,4130.945,2250,2250
2021-04-15 00:20:44.325000,4131.764,4130.943,3610,4190
2021-04-15 00:20:44.375000,4131.701,4131.045,2250,2250
2021-04-15 00:20:45.591000,4131.752,4130.743,3610,4190
2021-04-15 00:20:45.641000,4131.458,4130.799,2250,2250
2021-04-15 00:20:46.022000,4131.761,4130.74,3610,4190
2021-04-15 00:20:46.072000,4131.749,4131.054,2250,2250
2021-04-15 00:20:53.689000,4131.401,4131.043,2250,890
2021-04-15 00:20:53.739000,4131.458,4130.751,2250,2250
2021-04-15 00:21:01.422000,4131.455,4131.049,2250,890
2021-04-15 00:21:01.472000,4131.749,4131.099,2250,2250
2021-04-15 00:21:04.080000,4131.758,4130.731,3610,4190
2021-04-15 00:21:04.131000,4131.455,4130.745,2250,2250
2021-04-15 00:21:04.404000,4131.749,4130.731,3610,4190
2021-04-15 00:21:04.454000,4131.752,4131.045,2250,2250
2021-04-15 00:21:05.361000,4131.655,4131.052,2250,890
2021-04-15 00:21:05.411000,4131.664,4130.939,2250,2250
2021-04-15 00:21:05.682000,4131.467,4130.934,2250,890
2021-04-15 00:21:05.732000,4131.458,4130.733,2250,2250
2021-04-15 00:21:15.316000,4131.664,4130.731,3610,4190
2021-04-15 00:21:15.367000,4131.664,4130.954,2250,2250
2021-04-15 00:21:15.700000,4131.464,4130.931,2250,890
2021-04-15 00:21:15.750000,4131.401,4130.799,2250,2250
2021-04-15 00:21:27.726000,4131.764,4130.797,3610,4190
2021-04-15 00:21:27.776000,4131.749,4131.045,2250,2250
2021-04-15 00:21:28.048000,4131.455,4131.043,2250,890
2021-04-15 00:21:28.098000,4131.467,4130.739,2250,2250
2021-04-15 00:21:29.062000,4131.655,4130.737,3610,4190
2021-04-15 00:21:29.112000,4131.667,4130.999,2250,2250
2021-04-15 00:21:30.107000,4131.646,4130.743,3610,4190
2021-04-15 00:21:30.157000,4131.467,4130.799,2250,2250
2021-04-15 00:21:48.777000,4131.758,4130.749,3610,4190
2021-04-15 00:21:48.828000,4131.701,4131.054,2250,2250
2021-04-15 00:21:52.943000,4131.461,4131.046,2250,890
2021-04-15 00:21:52.993000,4131.467,4130.739,2250,2250
2021-04-15 00:22:01.372000,4131.752,4130.752,3610,4190
2021-04-15 00:22:01.422000,4131.758,4131.045,2250,2250
2021-04-15 00:22:12.049000,4131.749,4130.746,3610,4190
2021-04-15 00:22:12.099000,4131.401,4130.799,2250,2250
2021-04-15 00:22:14.907000,4131.246,4130.74,2250,890
2021-04-15 00:22:14.957000,4131.249,4130.554,2250,2250
2021-04-15 00:22:18.098000,4131.264,4130.649,2250,890
2021-04-15 00:22:18.149000,4131.367,4130.654,2250,2250
2021-04-15 00:22:18.258000,4131.461,4130.643,3610,4190
2021-04-15 00:22:18.309000,4131.467,4130.751,2250,2250
2021-04-15 00:22:18.420000,4131.301,4130.746,2250,890
2021-04-15 00:22:18.470000,4131.301,4130.699,2250,2250
2021-04-15 00:22:19.000000,4131.255,4130.649,2250,890
2021-04-15 00:22:19.050000,4131.261,4130.554,2250,2250
2021-04-15 00:22:23.462000,4131.401,4130.751,2250,2250
2021-04-15 00:22:28.963000,4131.658,4130.749,3610,4190
2021-04-15 00:22:29.013000,4131.661,4130.948,2250,2250
2021-04-15 00:22:29.298000,4131.761,4130.946,3610,4190
2021-04-15 00:22:29.348000,4131.752,4131.048,2250,2250
2021-04-15 00:22:30.102000,4131.667,4131.046,2250,890
2021-04-15 00:22:30.152000,4131.652,4130.948,2250,2250
2021-04-15 00:22:30.767000,4131.664,4130.797,3610,4190
2021-04-15 00:22:30.817000,4131.449,4130.742,2250,2250
2021-04-15 00:22:32.426000,4131.267,4130.743,2250,890
2021-04-15 00:22:32.477000,4131.258,4130.545,2250,2250
2021-04-15 00:22:32.585000,4131.458,4130.543,3610,4190
2021-04-15 00:22:32.636000,4131.464,4130.736,2250,2250
2021-04-15 00:22:39.490000,4131.752,4130.734,3610,4190
2021-04-15 00:22:39.540000,4131.746,4131.054,2250,2250
2021-04-15 00:22:39.649000,4131.661,4131.04,2250,890
2021-04-15 00:22:39.699000,4131.661,4130.942,2250,2250
2021-04-15 00:22:39.915000,4131.655,4130.797,3610,4190
2021-04-15 00:22:39.965000,4131.461,4130.742,2250,2250
2021-04-15 00:22:44.680000,4131.655,4130.746,3610,4190
2021-04-15 00:22:44.731000,4131.649,4130.954,2250,2250
2021-04-15 00:22:45.916000,4131.452,4130.997,2250,890
2021-04-15 00:22:45.966000,4131.401,4130.754,2250,2250
2021-04-15 00:22:46.775000,4131.664,4130.734,3610,4190
2021-04-15 00:22:46.826000,4131.649,4130.999,2250,2250
2021-04-15 00:22:46.935000,4131.458,4130.94,2250,890
2021-04-15 00:22:46.985000,4131.464,4130.733,2250,2250
2021-04-15 00:22:49.861000,4131.758,4130.749,3610,4190
2021-04-15 00:22:49.911000,4131.761,4131.048,2250,2250
2021-04-15 00:23:19.899000,4131.446,4131.031,2250,890
2021-04-15 00:23:19.950000,4131.455,4130.742,2250,2250
2021-04-15 00:23:21.463000,4131.746,4130.737,3610,4190
2021-04-15 00:23:21.513000,4131.752,4131.045,2250,2250
2021-04-15 00:23:29.736000,4131.449,4131.034,2250,890
2021-04-15 00:23:29.787000,4131.461,4130.754,2250,2250
2021-04-15 00:23:30.338000,4131.649,4130.797,3610,4190
2021-04-15 00:23:30.388000,4131.658,4130.939,2250,2250
2021-04-15 00:23:30.759000,4131.446,4130.934,2250,890
2021-04-15 00:23:30.809000,4131.455,4130.736,2250,2250
2021-04-15 00:23:33.952000,4131.258,4130.737,2250,890
2021-04-15 00:23:34.002000,4131.246,4130.542,2250,2250
2021-04-15 00:23:38.083000,4130.958,4130.552,2250,890
2021-04-15 00:23:38.133000,4131.461,4130.745,2250,2250
2021-04-15 00:23:38.259000,4131.267,4130.743,2250,890
2021-04-15 00:23:38.309000,4131.264,4130.545,2250,2250
2021-04-15 00:23:41.892000,4131.252,4130.74,2250,890
2021-04-15 00:23:41.942000,4131.467,4130.742,2250,2250
2021-04-15 00:23:56.446000,4131.752,4130.749,3610,4190
2021-04-15 00:23:56.496000,4131.749,4131.045,2250,2250
2021-04-15 00:23:57.007000,4131.461,4131.043,2250,890
2021-04-15 00:23:57.057000,4131.401,4130.739,2250,2250
2021-04-15 00:23:57.544000,4131.461,4131.034,2250,890
2021-04-15 00:23:57.595000,4131.701,4131.042,2250,2250
2021-04-15 00:24:00.463000,4131.955,4131.04,3610,4190
2021-04-15 00:24:00.513000,4131.961,4131.239,2250,2250
2021-04-15 00:24:05.224000,4131.758,4131.234,2250,890
2021-04-15 00:24:05.274000,4131.746,4131.045,2250,2250
2021-04-15 00:24:06.903000,4131.767,4130.746,3610,4190
2021-04-15 00:24:06.954000,4131.467,4130.733,2250,2250
2021-04-15 00:24:08.468000,4131.661,4130.743,3610,4190
2021-04-15 00:24:08.518000,4131.655,4130.939,2250,2250
2021-04-15 00:24:08.798000,4131.758,4130.943,3610,4190
2021-04-15 00:24:08.848000,4131.764,4131.051,2250,2250
2021-04-15 00:24:11.806000,4131.649,4131.031,2250,890
2021-04-15 00:24:11.856000,4131.661,4130.948,2250,2250
2021-04-15 00:24:12.218000,4131.446,4130.946,2250,890
2021-04-15 00:24:12.268000,4131.467,4130.742,2250,2250
2021-04-15 00:24:13.250000,4131.652,4130.797,3610,4190
2021-04-15 00:24:13.301000,4131.655,4130.942,2250,2250
2021-04-15 00:24:13.456000,4131.449,4130.943,2250,890
2021-04-15 00:24:13.507000,4131.452,4130.799,2250,2250
2021-04-15 00:24:47.226000,4131.455,4131.037,2250,890
2021-04-15 00:24:47.277000,4131.761,4131.048,2250,2250
2021-04-15 00:24:58.244000,4131.464,4131.043,2250,890
2021-04-15 00:24:58.294000,4131.467,4130.733,2250,2250
2021-04-15 00:25:20.205000,4131.755,4130.74,3610,4190
2021-04-15 00:25:20.255000,4131.752,4131.054,2250,2250
2021-04-15 00:25:29.455000,4131.958,4131.037,3610,4190
2021-04-15 00:25:29.505000,4131.952,4131.233,2250,2250
2021-04-15 00:25:32.263000,4131.764,4131.249,2250,890
2021-04-15 00:25:32.313000,4131.761,4131.054,2250,2250
2021-04-15 00:26:13.052000,4131.746,4131.234,2250,890
2021-04-15 00:26:13.103000,4131.955,4131.239,2250,2250
2021-04-15 00:26:14.120000,4131.846,4131.237,2250,890
2021-04-15 00:26:14.170000,4131.855,4131.148,2250,2250
2021-04-15 00:26:17.781000,4131.758,4131.14,2250,890
2021-04-15 00:26:17.831000,4131.749,4131.054,2250,2250
2021-04-15 00:26:22.243000,4131.755,4131.24,2250,890
2021-04-15 00:26:22.293000,4131.901,4131.233,2250,2250
2021-04-15 00:26:23.785000,4131.758,4131.237,2250,890
2021-04-15 00:26:23.835000,4131.761,4131.099,2250,2250
2021-04-15 00:26:24.941000,4131.755,4130.743,3610,4190
2021-04-15 00:26:24.991000,4131.446,4130.745,2250,2250
2021-04-15 00:26:25.264000,4131.261,4130.749,2250,890
2021-04-15 00:26:25.314000,4131.255,4130.542,2250,2250
2021-04-15 00:26:32.427000,4130.961,4130.597,2250,890
2021-04-15 00:26:32.477000,4130.952,4130.236,2250,2250
2021-04-15 00:26:33.027000,4131.249,4130.234,3610,4190
2021-04-15 00:26:33.077000,4131.255,4130.551,2250,2250
2021-04-15 00:26:34.568000,4130.946,4130.552,2250,890
2021-04-15 00:26:34.618000,4130.967,4130.251,2250,2250
2021-04-15 00:26:37.730000,4131.258,4130.249,3610,4190
2021-04-15 00:26:37.780000,4131.246,4130.533,2250,2250
2021-04-15 00:26:38.992000,4130.958,4130.537,2250,890
2021-04-15 00:26:39.042000,4130.967,4130.251,2250,2250
2021-04-15 00:26:41.585000,4131.252,4130.249,3610,4190
2021-04-15 00:26:41.636000,4131.249,4130.536,2250,2250
2021-04-15 00:26:42.600000,4130.946,4130.546,2250,890
2021-04-15 00:26:42.651000,4130.952,4130.254,2250,2250
2021-04-15 00:27:06.112000,4131.261,4130.297,3610,4190
2021-04-15 00:27:06.163000,4131.249,4130.551,2250,2250
2021-04-15 00:27:13.726000,4130.967,4130.537,2250,890
2021-04-15 00:27:13.776000,4130.952,4130.245,2250,2250
2021-04-15 00:27:24.150000,4131.246,4130.24,3610,4190
2021-04-15 00:27:24.200000,4131.246,4130.554,2250,2250
2021-04-15 00:27:43.924000,4131.401,4130.537,3610,4190
2021-04-15 00:27:43.974000,4131.446,4130.733,2250,2250
2021-04-15 00:27:44.087000,4131.355,4130.699,2250,2250
2021-04-15 00:27:44.249000,4131.249,4130.634,2250,890
2021-04-15 00:27:44.300000,4131.261,4130.536,2250,2250
2021-04-15 00:28:06.822000,4131.401,4130.552,3610,4190
2021-04-15 00:28:06.872000,4131.461,4130.745,2250,2250
2021-04-15 00:28:11.699000,4131.249,4130.74,2250,890
2021-04-15 00:28:11.749000,4131.249,4130.548,2250,2250
2021-04-15 00:28:26.663000,4131.467,4130.531,3610,4190
2021-04-15 00:28:26.713000,4131.464,4130.745,2250,2250
2021-04-15 00:28:27.706000,4131.364,4130.743,2250,890
2021-04-15 00:28:27.757000,4131.349,4130.648,2250,2250
2021-04-15 00:28:28.056000,4131.201,4130.649,2250,890
2021-04-15 00:28:28.106000,4131.201,4130.533,2250,2250
2021-04-15 00:28:30.740000,4131.401,4130.531,3610,4190
2021-04-15 00:28:30.790000,4131.461,4130.754,2250,2250
2021-04-15 00:28:31.068000,4131.261,4130.74,2250,890
2021-04-15 00:28:31.118000,4131.246,4130.545,2250,2250
2021-04-15 00:28:31.922000,4131.361,4130.549,3610,4190
2021-04-15 00:28:31.972000,4131.367,4130.645,2250,2250
2021-04-15 00:28:32.868000,4131.452,4130.634,3610,4190
2021-04-15 00:28:32.918000,4131.446,4130.739,2250,2250
2021-04-15 00:28:57.266000,4131.367,4130.74,2250,890
2021-04-15 00:28:57.316000,4131.367,4130.636,2250,2250
2021-04-15 00:28:59.332000,4131.301,4130.534,3610,4190
2021-04-15 00:28:59.382000,4131.261,4130.542,2250,2250
2021-04-15 00:29:00.515000,4131.461,4130.543,3610,4190
2021-04-15 00:29:00.565000,4131.461,4130.751,2250,2250
2021-04-15 00:29:04.018000,4131.264,4130.737,2250,890
2021-04-15 00:29:04.068000,4131.267,4130.533,2250,2250
2021-04-15 00:29:08.088000,4131.449,4130.534,3610,4190
2021-04-15 00:29:08.138000,4131.401,4130.745,2250,2250
2021-04-15 00:29:47.063000,4131.464,4130.549,3610,4190
2021-04-15 00:29:47.113000,4131.246,4130.539,2250,2250
2021-04-15 00:29:51.403000,4131.267,4130.231,3610,4190
2021-04-15 00:29:51.454000,4130.901,4130.239,2250,2250
2021-04-15 00:29:59.280000,4130.949,4130.54,2250,890
2021-04-15 00:29:59.331000,4131.252,4130.551,2250,2250
2021-04-15 00:30:07.552000,4131.452,4130.597,3610,4190
2021-04-15 00:30:07.602000,4131.449,4130.748,2250,2250
2021-04-15 00:30:07.711000,4131.201,4130.737,2250,890
2021-04-15 00:30:07.761000,4131.249,4130.536,2250,2250
2021-04-15 00:30:26.240000,4131.367,4130.552,3610,4190
2021-04-15 00:30:26.290000,4131.361,4130.651,2250,2250
2021-04-15 00:30:28.488000,4131.449,4130.634,3610,4190
2021-04-15 00:30:28.539000,4131.446,4130.748,2250,2250
2021-04-15 00:31:11.142000,4131.401,4130.54,3610,4190
2021-04-15 00:31:11.192000,4131.267,4130.539,2250,2250
2021-04-15 00:31:17.014000,4130.949,4130.549,2250,890
2021-04-15 00:31:17.064000,4130.946,4130.248,2250,2250
2021-04-15 00:31:17.424000,4131.255,4130.252,3610,4190
2021-04-15 00:31:17.474000,4131.258,4130.599,2250,2250
2021-04-15 00:31:37.836000,4130.964,4130.534,2250,890
2021-04-15 00:31:37.886000,4130.901,4130.254,2250,2250
2021-04-15 00:31:37.996000,4131.167,4130.237,3610,4190
2021-04-15 00:31:38.046000,4131.167,4130.439,2250,2250
2021-04-15 00:31:38.395000,4130.901,4130.452,2250,890
2021-04-15 00:31:38.445000,4130.958,4130.236,2250,2250
2021-04-15 00:31:47.205000,4131.146,4130.234,3610,4190
2021-04-15 00:31:47.256000,4131.155,4130.448,2250,2250
2021-04-15 00:31:49.923000,4131.158,4130.534,2250,890
2021-04-15 00:31:49.973000,4131.246,4130.548,2250,2250
2021-04-15 00:32:00.353000,4131.152,4130.537,2250,890
2021-04-15 00:32:00.403000,4131.152,4130.451,2250,2250
2021-04-15 00:32:01.662000,4131.246,4130.434,3610,4190
2021-04-15 00:32:01.712000,4131.201,4130.545,2250,2250
2021-04-15 00:32:08.926000,4130.955,4130.597,2250,890
2021-04-15 00:32:08.976000,4130.946,4130.233,2250,2250
2021-04-15 00:32:09.361000,4130.952,4130.546,2250,890
2021-04-15 00:32:09.412000,4131.264,4130.551,2250,2250
2021-04-15 00:32:50.091000,4131.461,4130.534,3610,4190
2021-04-15 00:32:50.142000,4131.467,4130.739,2250,2250
2021-04-15 00:33:03.078000,4131.649,4130.734,3610,4190
2021-04-15 00:33:03.128000,4131.661,4130.954,2250,2250
2021-04-15 00:33:03.239000,4131.764,4130.946,3610,4190
2021-04-15 00:33:03.289000,4131.767,4131.099,2250,2250
2021-04-15 00:33:26.734000,4131.967,4131.034,3610,4190
2021-04-15 00:33:26.784000,4131.967,4131.236,2250,2250
2021-04-15 00:33:28.105000,4131.767,4131.246,2250,890
2021-04-15 00:33:28.156000,4131.755,4131.054,2250,2250
2021-04-15 00:33:48.427000,4131.849,4131.031,3610,4190
2021-04-15 00:33:48.477000,4131.861,4131.139,2250,2250
2021-04-15 00:33:49.083000,4131.955,4131.149,3610,4190
2021-04-15 00:33:49.133000,4131.946,4131.242,2250,2250
2021-04-15 00:33:59.916000,4131.758,4131.234,2250,890
2021-04-15 00:33:59.967000,4131.746,4131.033,2250,2250
2021-04-15 00:34:12.214000,4131.761,4130.743,3610,4190
2021-04-15 00:34:12.265000,4131.458,4130.799,2250,2250
2021-04-15 00:34:13.757000,4131.452,4131.097,2250,890
2021-04-15 00:34:13.807000,4131.746,4131.054,2250,2250
2021-04-15 00:34:48.306000,4131.701,4130.731,3610,4190
2021-04-15 00:34:48.357000,4131.449,4130.736,2250,2250
2021-04-15 00:35:12.202000,4131.449,4131.031,2250,890
2021-04-15 00:35:12.253000,4131.764,4131.042,2250,2250
2021-04-15 00:36:14.958000,4131.952,4131.031,3610,4190
2021-04-15 00:36:15.008000,4131.901,4131.299,2250,2250
2021-04-15 00:36:22.391000,4131.752,4131.297,2250,890
2021-04-15 00:36:22.442000,4131.764,4131.054,2250,2250
2021-04-15 00:37:09.093000,4131.401,4131.049,2250,890
2021-04-15 00:37:09.143000,4131.467,4130.751,2250,2250
2021-04-15 00:37:11.965000,4131.264,4130.746,2250,890
2021-04-15 00:37:12.015000,4131.249,4130.533,2250,2250
2021-04-15 00:37:21.934000,4131.455,4130.546,3610,4190
2021-04-15 00:37:21.984000,4131.446,4130.736,2250,2250
2021-04-15 00:37:22.797000,4131.252,4130.74,2250,890
2021-04-15 00:37:22.848000,4131.252,4130.542,2250,2250
2021-04-15 00:37:30.101000,4131.458,4130.534,3610,4190
2021-04-15 00:37:30.152000,4131.458,4130.799,2250,2250
2021-04-15 00:37:30.265000,4131.361,4130.74,2250,890
2021-04-15 00:37:30.315000,4131.346,4130.699,2250,2250
2021-04-15 00:37:31.132000,4131.449,4130.631,3610,4190
2021-04-15 00:37:31.182000,4131.464,4130.736,2250,2250
2021-04-15 00:37:46.170000,4131.761,4130.731,3610,4190
2021-04-15 00:37:46.221000,4131.767,4131.048,2250,2250
2021-04-15 00:37:52.043000,4131.946,4131.031,3610,4190
2021-04-15 00:37:52.093000,4131.952,4131.239,2250,2250
2021-04-15 00:38:04.713000,4132.246,4131.231,3610,4190
2021-04-15 00:38:04.764000,4132.255,4131.533,2250,2250
2021-04-15 00:38:07.199000,4131.949,4131.531,2250,890
2021-04-15 00:38:07.249000,4131.949,4131.248,2250,2250
2021-04-15 00:38:07.903000,4132.201,4131.249,3610,4190
2021-04-15 00:38:07.953000,4132.246,4131.548,2250,2250
2021-04-15 00:38:18.382000,4132.155,4131.534,2250,890
2021-04-15 00:38:18.433000,4132.158,4131.451,2250,2250
2021-04-15 00:38:20.032000,4132.252,4131.443,3610,4190
2021-04-15 00:38:20.082000,4132.246,4131.554,2250,2250
2021-04-15 00:38:39.847000,4132.461,4131.546,3610,4190
2021-04-15 00:38:39.898000,4132.452,4131.742,2250,2250
2021-04-15 00:39:01.260000,4132.767,4131.752,3610,4190
2021-04-15 00:39:01.311000,4132.755,4132.054,2250,2250
2021-04-15 00:39:10.635000,4132.858,4132.031,3610,4190
2021-04-15 00:39:10.685000,4132.867,4132.154,2250,2250
2021-04-15 00:39:11.120000,4132.952,4132.137,3610,4190
2021-04-15 00:39:11.170000,4132.967,4132.251,2250,2250
2021-04-15 00:39:11.287000,4132.752,4132.237,2250,890
2021-04-15 00:39:11.337000,4132.701,4132.099,2250,2250
2021-04-15 00:39:11.438000,4132.867,4132.049,3610,4190
2021-04-15 00:39:11.488000,4132.858,4132.154,2250,2250
2021-04-15 00:39:11.599000,4132.755,4132.14,2250,890
2021-04-15 00:39:11.650000,4132.758,4132.033,2250,2250
2021-04-15 00:39:12.779000,4132.961,4132.046,3610,4190
2021-04-15 00:39:12.830000,4132.952,4132.254,2250,2250
2021-04-15 00:39:31.784000,4132.946,4132.052,3610,4190
2021-04-15 00:39:31.834000,4132.755,4132.039,2250,2250
2021-04-15 00:39:51.936000,4132.858,4132.04,3610,4190
2021-04-15 00:39:51.986000,4132.867,4132.145,2250,2250
2021-04-15 00:39:52.096000,4132.952,4132.131,3610,4190
2021-04-15 00:39:52.146000,4132.967,4132.254,2250,2250
2021-04-15 00:39:53.153000,4132.767,4132.252,2250,890
2021-04-15 00:39:53.203000,4132.764,4132.048,2250,2250
2021-04-15 00:40:00.888000,4132.467,4132.034,2250,890
2021-04-15 00:40:00.939000,4132.461,4131.742,2250,2250
2021-04-15 00:40:01.054000,4132.752,4131.746,3610,4190
2021-04-15 00:40:01.104000,4132.749,4132.042,2250,2250
2021-04-15 00:40:38.484000,4132.464,4132.097,2250,890
2021-04-15 00:40:38.534000,4132.452,4131.748,2250,2250
2021-04-15 00:40:55.483000,4132.452,4131.937,2250,890
2021-04-15 00:40:55.534000,4132.664,4131.954,2250,2250
2021-04-15 00:40:55.919000,4132.446,4131.94,2250,890
2021-04-15 00:40:55.969000,4132.461,4131.754,2250,2250
2021-04-15 00:40:59.926000,4132.752,4131.746,3610,4190
2021-04-15 00:40:59.976000,4132.755,4132.042,2250,2250
2021-04-15 00:41:23.907000,4132.952,4132.037,3610,4190
2021-04-15 00:41:23.957000,4132.964,4132.242,2250,2250
2021-04-15 00:41:41.772000,4132.964,4132.097,3610,4190
2021-04-15 00:41:41.823000,4132.752,4132.033,2250,2250
2021-04-15 00:43:07.236000,4132.461,4132.04,2250,890
2021-04-15 00:43:07.286000,4132.455,4131.742,2250,2250
2021-04-15 00:43:13.835000,4132.201,4131.797,2250,890
2021-04-15 00:43:13.886000,4132.249,4131.545,2250,2250
2021-04-15 00:43:17.252000,4131.958,4131.543,2250,890
2021-04-15 00:43:17.302000,4131.964,4131.233,2250,2250
2021-04-15 00:43:22.205000,4131.749,4131.24,2250,890
2021-04-15 00:43:22.255000,4131.752,4131.099,2250,2250
2021-04-15 00:43:25.147000,4131.964,4131.097,3610,4190
2021-04-15 00:43:25.197000,4131.901,4131.233,2250,2250
2021-04-15 00:43:47.850000,4131.701,4131.243,2250,890
2021-04-15 00:43:47.901000,4131.746,4131.045,2250,2250
2021-04-15 00:43:57.120000,4131.964,4131.034,3610,4190
2021-04-15 00:43:57.171000,4131.964,4131.239,2250,2250
2021-04-15 00:44:11.961000,4132.264,4131.542,2250,2250
2021-04-15 00:44:17.462000,4132.467,4131.531,3610,4190
2021-04-15 00:44:17.512000,4132.464,4131.745,2250,2250
2021-04-15 00:44:23.124000,4132.367,4131.797,2250,890
2021-04-15 00:44:23.174000,4132.364,4131.636,2250,2250
2021-04-15 00:44:25.117000,4132.258,4131.643,2250,890
2021-04-15 00:44:25.167000,4132.261,4131.545,2250,2250
2021-04-15 00:44:25.278000,4132.367,4131.546,3610,4190
2021-04-15 00:44:25.328000,4132.301,4131.699,2250,2250
2021-04-15 00:44:26.095000,4132.252,4131.64,2250,890
2021-04-15 00:44:26.145000,4132.261,4131.554,2250,2250
2021-04-15 00:44:41.517000,4132.349,4131.543,3610,4190
2021-04-15 00:44:41.568000,4132.355,4131.651,2250,2250
2021-04-15 00:44:43.491000,4132.467,4131.64,3610,4190
2021-04-15 00:44:43.541000,4132.455,4131.733,2250,2250
2021-04-15 00:44:44.086000,4132.261,4131.74,2250,890
2021-04-15 00:44:44.136000,4132.201,4131.548,2250,2250
2021-04-15 00:44:51.215000,4132.461,4131.597,3610,4190
2021-04-15 00:44:51.265000,4132.452,4131.739,2250,2250
2021-04-15 00:45:01.495000,4132.749,4131.731,3610,4190
2021-04-15 00:45:01.545000,4132.749,4132.045,2250,2250
2021-04-15 00:45:05.018000,4132.958,4132.037,3610,4190
2021-04-15 00:45:05.068000,4132.946,4132.299,2250,2250
2021-04-15 00:45:30.681000,4132.749,4132.237,2250,890
2021-04-15 00:45:30.731000,4132.755,4132.048,2250,2250
2021-04-15 00:45:43.208000,4132.455,4132.046,2250,890
2021-04-15 00:45:43.259000,4132.449,4131.748,2250,2250
2021-04-15 00:46:04.163000,4132.701,4131.797,3610,4190
2021-04-15 00:46:04.214000,4132.752,4132.039,2250,2250
2021-04-15 00:46:12.924000,4132.461,4132.097,2250,890
2021-04-15 00:46:12.974000,4132.461,4131.736,2250,2250
2021-04-15 00:46:16.912000,4132.401,4132.037,2250,890
2021-04-15 00:46:16.962000,4132.764,4132.051,2250,2250
2021-04-15 00:46:25.703000,4132.446,4132.052,2250,890
2021-04-15 00:46:25.753000,4132.458,4131.742,2250,2250
2021-04-15 00:46:26.368000,4132.655,4131.737,3610,4190
2021-04-15 00:46:26.418000,4132.649,4131.942,2250,2250
2021-04-15 00:46:26.685000,4132.458,4131.943,2250,890
2021-04-15 00:46:26.735000,4132.458,4131.739,2250,2250
2021-04-15 00:46:28.194000,4132.667,4131.74,3610,4190
2021-04-15 00:46:28.245000,4132.664,4131.945,2250,2250
2021-04-15 00:46:28.354000,4132.452,4131.946,2250,890
2021-04-15 00:46:28.404000,4132.458,4131.742,2250,2250
2021-04-15 00:46:28.766000,4132.667,4131.743,3610,4190
2021-04-15 00:46:28.816000,4132.649,4131.933,2250,2250
2021-04-15 00:46:30.930000,4132.749,4131.934,3610,4190
2021-04-15 00:46:30.980000,4132.746,4132.051,2250,2250
2021-04-15 00:46:37.974000,4132.467,4132.043,2250,890
2021-04-15 00:46:38.024000,4132.452,4131.736,2250,2250
2021-04-15 00:47:02.468000,4132.249,4131.752,2250,890
2021-04-15 00:47:02.518000,4132.246,4131.536,2250,2250
2021-04-15 00:47:18.908000,4131.961,4131.534,2250,890
2021-04-15 00:47:18.959000,4131.964,4131.233,2250,2250
2021-04-15 00:47:21.014000,4132.255,4131.234,3610,4190
2021-04-15 00:47:21.065000,4132.252,4131.533,2250,2250
2021-04-15 00:47:28.424000,4131.955,4131.54,2250,890
2021-04-15 00:47:28.475000,4131.949,4131.251,2250,2250
2021-04-15 00:47:32.016000,4132.161,4131.246,3610,4190
2021-04-15 00:47:32.066000,4132.161,4131.442,2250,2250
2021-04-15 00:47:33.357000,4131.967,4131.248,2250,2250
2021-04-15 00:47:48.075000,4131.901,4131.043,3610,4190
2021-04-15 00:47:48.125000,4131.755,4131.048,2250,2250
2021-04-15 00:47:52.113000,4131.901,4131.043,3610,4190
2021-04-15 00:47:52.164000,4131.961,4131.248,2250,2250
2021-04-15 00:47:56.411000,4132.149,4131.297,3610,4190
2021-04-15 00:47:56.461000,4132.161,4131.436,2250,2250
2021-04-15 00:47:58.584000,4131.952,4131.431,2250,890
2021-04-15 00:47:58.635000,4131.946,4131.245,2250,2250
2021-04-15 00:48:03.386000,4132.267,4131.249,3610,4190
2021-04-15 00:48:03.436000,4132.264,4131.554,2250,2250
2021-04-15 00:48:36.837000,4132.201,4131.731,2250,890
2021-04-15 00:48:36.888000,4132.464,4131.748,2250,2250
2021-04-15 00:48:49.464000,4132.752,4131.734,3610,4190
2021-04-15 00:48:49.514000,4132.752,4132.042,2250,2250
2021-04-15 00:48:54.519000,4132.661,4132.049,2250,890
2021-04-15 00:48:54.569000,4132.661,4131.999,2250,2250
2021-04-15 00:48:55.939000,4132.755,4131.934,3610,4190
2021-04-15 00:48:55.990000,4132.764,4132.048,2250,2250
2021-04-15 00:48:58.879000,4132.458,4132.043,2250,890
2021-04-15 00:48:58.929000,4132.467,4131.742,2250,2250
2021-04-15 00:48:59.042000,4132.761,4131.746,3610,4190
2021-04-15 00:48:59.093000,4132.758,4132.033,2250,2250
2021-04-15 00:49:17.356000,4132.749,4132.297,2250,890
2021-04-15 00:49:17.406000,4132.955,4132.254,2250,2250
2021-04-15 00:49:28.584000,4133.252,4132.237,3610,4190
2021-04-15 00:49:28.635000,4133.261,4132.533,2250,2250
2021-04-15 00:49:29.877000,4133.201,4132.252,3610,4190
2021-04-15 00:49:29.928000,4132.952,4132.248,2250,2250
2021-04-15 00:49:32.187000,4133.101,4132.249,3610,4190
2021-04-15 00:49:32.237000,4133.101,4132.448,2250,2250
2021-04-15 00:49:32.922000,4133.252,4132.44,3610,4190
2021-04-15 00:49:32.972000,4133.258,4132.599,2250,2250
2021-04-15 00:49:34.031000,4133.264,4132.749,2250,890
2021-04-15 00:49:34.082000,4133.455,4132.736,2250,2250
2021-04-15 00:49:34.356000,4133.246,4132.746,2250,890
2021-04-15 00:49:34.407000,4133.261,4132.545,2250,2250
2021-04-15 00:49:37.560000,4133.258,4132.752,2250,890
2021-04-15 00:49:37.610000,4133.458,4132.745,2250,2250
2021-04-15 00:49:51.225000,4133.655,4132.743,3610,4190
2021-04-15 00:49:51.276000,4133.658,4132.999,2250,2250
2021-04-15 00:49:51.388000,4133.661,4132.749,3610,4190
2021-04-15 00:49:51.438000,4133.467,4132.748,2250,2250
2021-04-15 00:49:55.027000,4133.758,4132.752,3610,4190
2021-04-15 00:49:55.077000,4133.746,4133.048,2250,2250
2021-04-15 00:49:56.104000,4133.658,4133.034,2250,890
2021-04-15 00:49:56.154000,4133.664,4132.945,2250,2250
2021-04-15 00:49:56.541000,4133.701,4132.952,3610,4190
2021-04-15 00:49:56.591000,4133.767,4133.099,2250,2250
2021-04-15 00:50:02.757000,4133.958,4133.037,3610,4190
2021-04-15 00:50:02.807000,4133.955,4133.251,2250,2250
2021-04-15 00:50:07.199000,4133.952,4133.046,3610,4190
2021-04-15 00:50:07.249000,4133.767,4133.054,2250,2250
2021-04-15 00:50:08.451000,4133.764,4133.14,2250,890
2021-04-15 00:50:08.502000,4133.852,4133.133,2250,2250
2021-04-15 00:50:08.775000,4133.758,4133.137,2250,890
2021-04-15 00:50:08.825000,4133.758,4133.051,2250,2250
2021-04-15 00:50:12.918000,4133.755,4133.131,2250,890
2021-04-15 00:50:12.969000,4133.846,4133.154,2250,2250
2021-04-15 00:50:13.241000,4133.964,4133.149,3610,4190
2021-04-15 00:50:13.292000,4133.952,4133.233,2250,2250
2021-04-15 00:50:14.723000,4133.961,4133.04,3610,4190
2021-04-15 00:50:14.773000,4133.701,4133.033,2250,2250
2021-04-15 00:50:28.175000,4133.464,4133.04,2250,890
2021-04-15 00:50:28.225000,4133.467,4132.736,2250,2250
2021-04-15 00:50:31.653000,4133.701,4132.797,3610,4190
2021-04-15 00:50:31.703000,4133.761,4133.042,2250,2250
2021-04-15 00:50:39.166000,4133.701,4133.231,2250,890
2021-04-15 00:50:39.216000,4133.952,4133.251,2250,2250
2021-04-15 00:50:43.373000,4133.952,4133.549,2250,890
2021-04-15 00:50:43.423000,4134.246,4133.599,2250,2250
2021-04-15 00:50:47.062000,4134.264,4133.237,3610,4190
2021-04-15 00:50:47.112000,4133.961,4133.251,2250,2250
2021-04-15 00:50:52.422000,4134.264,4133.297,3610,4190
2021-04-15 00:50:52.472000,4134.258,4133.551,2250,2250
2021-04-15 00:51:07.541000,4134.455,4133.549,3610,4190
2021-04-15 00:51:07.591000,4134.461,4133.751,2250,2250
2021-04-15 00:51:11.251000,4134.761,4133.731,3610,4190
2021-04-15 00:51:11.302000,4134.761,4134.099,2250,2250
2021-04-15 00:51:12.787000,4135.261,4134.097,3610,4190
2021-04-15 00:51:12.838000,4135.249,4134.536,2250,2250
2021-04-15 00:51:12.947000,4134.955,4134.534,2250,890
2021-04-15 00:51:12.997000,4134.958,4134.248,2250,2250
2021-04-15 00:51:13.273000,4134.961,4134.552,2250,890
2021-04-15 00:51:13.323000,4135.201,4134.599,2250,2250
2021-04-15 00:51:17.826000,4135.449,4134.537,3610,4190
2021-04-15 00:51:17.876000,4135.464,4134.736,2250,2250
2021-04-15 00:51:18.956000,4135.767,4134.737,3610,4190
2021-04-15 00:51:19.006000,4135.752,4135.099,2250,2250
2021-04-15 00:51:22.761000,4135.461,4135.043,2250,890
2021-04-15 00:51:22.812000,4135.467,4134.799,2250,2250
2021-04-15 00:51:24.580000,4135.464,4134.631,3610,4190
2021-04-15 00:51:24.630000,4135.355,4134.648,2250,2250
2021-04-15 00:51:24.741000,4135.452,4134.634,3610,4190
2021-04-15 00:51:24.791000,4135.467,4134.745,2250,2250
2021-04-15 00:51:35.449000,4135.249,4134.797,2250,890
2021-04-15 00:51:35.500000,4135.258,4134.536,2250,2250
2021-04-15 00:51:38.364000,4135.258,4134.234,3610,4190
2021-04-15 00:51:38.414000,4134.949,4134.248,2250,2250
2021-04-15 00:51:39.249000,4134.767,4134.243,2250,890
2021-04-15 00:51:39.300000,4134.752,4134.048,2250,2250
2021-04-15 00:51:39.410000,4134.867,4134.031,3610,4190
2021-04-15 00:51:39.460000,4134.852,4134.139,2250,2250
2021-04-15 00:51:39.585000,4134.867,4134.046,3610,4190
2021-04-15 00:51:39.635000,4134.701,4134.054,2250,2250
2021-04-15 00:51:40.705000,4134.967,4134.052,3610,4190
2021-04-15 00:51:40.755000,4134.964,4134.236,2250,2250
2021-04-15 00:51:43.394000,4135.246,4134.237,3610,4190
2021-04-15 00:51:43.444000,4135.246,4134.539,2250,2250
2021-04-15 00:51:43.560000,4134.952,4134.552,2250,890
2021-04-15 00:51:43.610000,4134.901,4134.236,2250,2250
2021-04-15 00:51:48.240000,4134.767,4134.231,2250,890
2021-04-15 00:51:48.291000,4134.764,4134.039,2250,2250
2021-04-15 00:51:50.918000,4134.946,4134.049,3610,4190
2021-04-15 00:51:50.968000,4134.958,4134.248,2250,2250
2021-04-15 00:51:54.457000,4134.749,4134.231,2250,890
2021-04-15 00:51:54.508000,4134.758,4134.054,2250,2250
2021-04-15 00:51:57.806000,4134.746,4134.24,2250,890
2021-04-15 00:51:57.856000,4134.964,4134.239,2250,2250
2021-04-15 00:51:58.345000,4134.701,4134.237,2250,890
2021-04-15 00:51:58.395000,4134.764,4134.042,2250,2250
2021-04-15 00:52:06.876000,4134.949,4134.043,3610,4190
2021-04-15 00:52:06.927000,4134.949,4134.254,2250,2250
2021-04-15 00:52:12.893000,4134.758,4134.246,2250,890
2021-04-15 00:52:12.943000,4134.761,4134.045,2250,2250
2021-04-15 00:52:14.060000,4134.967,4134.097,3610,4190
2021-04-15 00:52:14.111000,4134.949,4134.233,2250,2250
2021-04-15 00:52:14.809000,4134.755,4134.237,2250,890
2021-04-15 00:52:14.860000,4134.758,4134.054,2250,2250
2021-04-15 00:52:15.815000,4134.461,4134.049,2250,890
2021-04-15 00:52:15.865000,4134.461,4133.751,2250,2250
2021-04-15 00:52:27.614000,4134.267,4133.749,2250,890
2021-04-15 00:52:27.664000,4134.264,4133.542,2250,2250
2021-04-15 00:52:39.134000,4134.249,4133.243,3610,4190
2021-04-15 00:52:39.184000,4133.958,4133.299,2250,2250
2021-04-15 00:52:40.398000,4133.961,4133.549,2250,890
2021-04-15 00:52:40.448000,4134.264,4133.536,2250,2250
2021-04-15 00:52:40.717000,4134.164,4133.552,2250,890
2021-04-15 00:52:40.767000,4134.164,4133.445,2250,2250
2021-04-15 00:52:40.878000,4134.258,4133.497,3610,4190
2021-04-15 00:52:40.928000,4134.264,4133.554,2250,2250
2021-04-15 00:52:41.039000,4133.964,4133.54,2250,890
2021-04-15 00:52:41.089000,4133.958,4133.254,2250,2250
2021-04-15 00:52:42.494000,4133.961,4133.049,3610,4190
2021-04-15 00:52:42.544000,4133.749,4133.042,2250,2250
2021-04-15 00:52:46.672000,4133.464,4133.046,2250,890
2021-04-15 00:52:46.722000,4133.458,4132.751,2250,2250
2021-04-15 00:52:50.222000,4133.755,4132.731,3610,4190
2021-04-15 00:52:50.275000,4133.764,4133.051,2250,2250
2021-04-15 00:52:51.019000,4133.461,4133.034,2250,890
2021-04-15 00:52:51.069000,4133.467,4132.799,2250,2250
2021-04-15 00:52:52.530000,4133.664,4132.737,3610,4190
2021-04-15 00:52:52.581000,4133.655,4132.936,2250,2250
2021-04-15 00:52:52.770000,4133.401,4132.952,2250,890
2021-04-15 00:52:52.821000,4133.467,4132.751,2250,2250
2021-04-15 00:52:52.932000,4133.464,4133.04,2250,890
2021-04-15 00:52:52.982000,4133.761,4133.045,2250,2250
2021-04-15 00:52:53.231000,4133.601,4133.031,2250,890
2021-04-15 00:52:53.281000,4133.649,4132.945,2250,2250
2021-04-15 00:52:53.392000,4133.652,4132.734,3610,4190
2021-04-15 00:52:53.443000,4133.464,4132.739,2250,2250
2021-04-15 00:53:06.791000,4133.758,4132.731,3610,4190
2021-04-15 00:53:06.842000,4133.746,4133.036,2250,2250
2021-04-15 00:53:14.111000,4133.864,4133.034,3610,4190
2021-04-15 00:53:14.161000,4133.864,4133.148,2250,2250
2021-04-15 00:53:14.272000,4133.758,4133.149,2250,890
2021-04-15 00:53:14.322000,4133.764,4133.045,2250,2250
2021-04-15 00:53:31.295000,4133.749,4132.737,3610,4190
2021-04-15 00:53:31.345000,4133.467,4132.736,2250,2250
2021-04-15 00:53:45.374000,4133.758,4132.737,3610,4190
2021-04-15 00:53:45.425000,4133.752,4133.051,2250,2250
2021-04-15 00:53:46.585000,4133.746,4132.74,3610,4190
2021-04-15 00:53:46.636000,4133.449,4132.799,2250,2250
2021-04-15 00:53:46.848000,4133.401,4132.937,2250,890
2021-04-15 00:53:46.903000,4133.652,4132.936,2250,2250
2021-04-15 00:53:47.020000,4133.655,4132.731,3610,4190
2021-04-15 00:53:47.071000,4133.464,4132.751,2250,2250
2021-04-15 00:53:47.348000,4133.455,4132.931,2250,890
2021-04-15 00:53:47.399000,4133.667,4132.942,2250,2250
2021-04-15 00:53:47.510000,4133.758,4132.931,3610,4190
2021-04-15 00:53:47.561000,4133.701,4133.033,2250,2250
2021-04-15 00:53:47.670000,4133.658,4133.046,2250,890
2021-04-15 00:53:47.721000,4133.601,4132.951,2250,2250
2021-04-15 00:53:47.831000,4133.458,4132.94,2250,890
2021-04-15 00:53:47.882000,4133.458,4132.736,2250,2250
2021-04-15 00:53:48.152000,4133.655,4132.797,3610,4190
2021-04-15 00:53:48.202000,4133.658,4132.999,2250,2250
2021-04-15 00:53:48.314000,4133.667,4132.752,3610,4190
2021-04-15 00:53:48.365000,4133.461,4132.754,2250,2250
2021-04-15 00:54:01.909000,4133.752,4132.743,3610,4190
2021-04-15 00:54:01.959000,4133.764,4133.099,2250,2250
2021-04-15 00:54:04.644000,4133.452,4133.043,2250,890
2021-04-15 00:54:04.695000,4133.464,4132.748,2250,2250
2021-04-15 00:54:07.700000,4133.249,4132.749,2250,890
2021-04-15 00:54:07.750000,4133.258,4132.533,2250,2250
2021-04-15 00:54:08.818000,4132.964,4132.549,2250,890
2021-04-15 00:54:08.869000,4132.901,4132.242,2250,2250
2021-04-15 00:54:22.976000,4133.255,4132.243,3610,4190
2021-04-15 00:54:23.026000,4133.267,4132.536,2250,2250
2021-04-15 00:54:23.459000,4132.952,4132.54,2250,890
2021-04-15 00:54:23.509000,4132.949,4132.254,2250,2250
2021-04-15 00:54:27.450000,4133.146,4132.243,3610,4190
2021-04-15 00:54:27.501000,4133.161,4132.499,2250,2250
2021-04-15 00:54:28.283000,4133.149,4132.534,2250,890
2021-04-15 00:54:28.333000,4133.264,4132.554,2250,2250
2021-04-15 00:54:41.600000,4133.246,4132.731,2250,890
2021-04-15 00:54:41.650000,4133.455,4132.799,2250,2250
2021-04-15 00:54:59.851000,4133.749,4132.743,3610,4190
2021-04-15 00:54:59.901000,4133.764,4133.054,2250,2250
2021-04-15 00:55:01.263000,4133.464,4133.049,2250,890
2021-04-15 00:55:01.314000,4133.464,4132.733,2250,2250
2021-04-15 00:55:01.428000,4133.458,4133.052,2250,890
2021-04-15 00:55:01.478000,4133.701,4133.039,2250,2250
2021-04-15 00:55:02.703000,4133.464,4133.043,2250,890
2021-04-15 00:55:02.773000,4133.461,4132.742,2250,2250
2021-04-15 00:55:20.268000,4133.252,4132.752,2250,890
2021-04-15 00:55:20.319000,4133.267,4132.548,2250,2250
2021-04-15 00:55:20.594000,4133.355,4132.546,3610,4190
2021-04-15 00:55:20.644000,4133.361,4132.645,2250,2250
2021-04-15 00:55:21.032000,4133.246,4132.649,2250,890
2021-04-15 00:55:21.082000,4133.249,4132.545,2250,2250
2021-04-15 00:55:22.426000,4133.467,4132.546,3610,4190
2021-04-15 00:55:22.476000,4133.449,4132.736,2250,2250
2021-04-15 00:55:22.591000,4133.252,4132.737,2250,890
2021-04-15 00:55:22.641000,4133.258,4132.533,2250,2250
2021-04-15 00:55:34.624000,4132.949,4132.534,2250,890
2021-04-15 00:55:34.675000,4132.967,4132.242,2250,2250
2021-04-15 00:55:38.898000,4133.146,4132.24,3610,4190
2021-04-15 00:55:38.948000,4133.146,4132.448,2250,2250
2021-04-15 00:55:39.212000,4132.901,4132.44,2250,890
2021-04-15 00:55:39.263000,4132.955,4132.248,2250,2250
2021-04-15 00:55:39.993000,4133.255,4132.243,3610,4190
2021-04-15 00:55:40.044000,4133.249,4132.545,2250,2250
2021-04-15 00:55:52.432000,4133.452,4132.537,3610,4190
2021-04-15 00:55:52.482000,4133.464,4132.733,2250,2250
2021-04-15 00:56:02.595000,4133.449,4132.649,3610,4190
2021-04-15 00:56:02.646000,4133.364,4132.654,2250,2250
2021-04-15 00:56:02.777000,4133.352,4132.752,2250,890
2021-04-15 00:56:02.831000,4133.401,4132.739,2250,2250
2021-04-15 00:56:06.182000,4133.246,4132.797,2250,890
2021-04-15 00:56:06.232000,4133.264,4132.542,2250,2250
2021-04-15 00:56:06.332000,4133.349,4132.549,3610,4190
2021-04-15 00:56:06.383000,4133.301,4132.636,2250,2250
2021-04-15 00:56:07.282000,4133.258,4132.646,2250,890
2021-04-15 00:56:07.333000,4133.246,4132.545,2250,2250
2021-04-15 00:56:08.405000,4133.355,4132.543,3610,4190
2021-04-15 00:56:08.455000,4133.361,4132.633,2250,2250
2021-04-15 00:56:10.357000,4133.355,4132.597,3610,4190
2021-04-15 00:56:10.408000,4133.201,4132.554,2250,2250
2021-04-15 00:56:10.508000,4133.455,4132.537,3610,4190
2021-04-15 00:56:10.559000,4133.401,4132.745,2250,2250
2021-04-15 00:56:26.366000,4133.761,4132.752,3610,4190
2021-04-15 00:56:26.416000,4133.701,4133.054,2250,2250
2021-04-15 00:56:27.351000,4133.458,4133.037,2250,890
2021-04-15 00:56:27.401000,4133.452,4132.748,2250,2250
2021-04-15 00:56:51.217000,4133.249,4132.746,2250,890
2021-04-15 00:56:51.267000,4133.201,4132.551,2250,2250
2021-04-15 00:57:12.918000,4133.446,4132.552,3610,4190
2021-04-15 00:57:12.968000,4133.458,4132.739,2250,2250
2021-04-15 00:57:23.941000,4133.264,4132.731,2250,890
2021-04-15 00:57:23.991000,4133.246,4132.554,2250,2250
2021-04-15 00:58:00.302000,4133.467,4132.537,3610,4190
2021-04-15 00:58:00.352000,4133.446,4132.742,2250,2250
2021-04-15 00:58:10.513000,4133.361,4132.743,2250,890
2021-04-15 00:58:10.563000,4133.358,4132.642,2250,2250
2021-04-15 00:58:12.811000,4133.467,4132.697,3610,4190
2021-04-15 00:58:12.862000,4133.446,4132.751,2250,2250
2021-04-15 00:58:34.836000,4133.346,4132.642,2250,2250
2021-04-15 00:58:35.575000,4133.464,4132.649,3610,4190
2021-04-15 00:58:35.625000,4133.401,4132.748,2250,2250
2021-04-15 00:58:37.341000,4133.361,4132.74,2250,890
2021-04-15 00:58:37.391000,4133.301,4132.645,2250,2250
2021-04-15 00:58:37.503000,4133.446,4132.649,3610,4190
2021-04-15 00:58:37.586000,4133.455,4132.754,2250,2250
2021-04-15 00:58:51.135000,4133.752,4132.731,3610,4190
2021-04-15 00:58:51.185000,4133.752,4133.048,2250,2250
2021-04-15 00:59:27.905000,4133.746,4132.749,3610,4190
2021-04-15 00:59:27.955000,4133.449,4132.742,2250,2250
2021-04-15 00:59:30.391000,4133.467,4132.546,3610,4190
2021-04-15 00:59:30.441000,4133.261,4132.539,2250,2250
2021-04-15 00:59:33.972000,4133.252,4132.752,2250,890
2021-04-15 00:59:34.022000,4133.464,4132.748,2250,2250
2021-04-15 00:59:46.889000,4133.758,4132.746,3610,4190
2021-04-15 00:59:46.940000,4133.752,4133.033,2250,2250
2021-04-15 01:00:09.064000,4133.649,4133.034,2250,890
2021-04-15 01:00:09.114000,4133.649,4132.948,2250,2250
2021-04-15 01:00:09.225000,4133.752,4132.937,3610,4190
2021-04-15 01:00:09.275000,4133.764,4133.042,2250,2250
2021-04-15 01:00:09.578000,4133.455,4133.04,2250,890
2021-04-15 01:00:09.628000,4133.401,4132.751,2250,2250
2021-04-15 01:00:19.596000,4133.455,4132.531,3610,4190
2021-04-15 01:00:19.646000,4133.252,4132.542,2250,2250
2021-04-15 01:00:36.204000,4133.446,4132.543,3610,4190
2021-04-15 01:00:36.254000,4133.467,4132.754,2250,2250
2021-04-15 01:00:41.634000,4133.467,4132.54,3610,4190
2021-04-15 01:00:41.685000,4133.267,4132.533,2250,2250
2021-04-15 01:00:49.036000,4132.967,4132.552,2250,890
2021-04-15 01:00:49.086000,4132.952,4132.248,2250,2250
2021-04-15 01:00:57.998000,4132.958,4132.497,2250,890
2021-04-15 01:00:58.048000,4133.152,4132.454,2250,2250
2021-04-15 01:00:58.161000,4133.252,4132.437,3610,4190
2021-04-15 01:00:58.211000,4133.258,4132.533,2250,2250
2021-04-15 01:01:01.393000,4133.458,4132.543,3610,4190
2021-04-15 01:01:01.444000,4133.458,4132.736,2250,2250
2021-04-15 01:01:14.340000,4133.261,4132.743,2250,890
2021-04-15 01:01:14.390000,4133.261,4132.533,2250,2250
2021-04-15 01:01:22.158000,4133.467,4132.54,3610,4190
2021-04-15 01:01:22.209000,4133.461,4132.799,2250,2250
2021-04-15 01:01:33.350000,4133.267,4132.743,2250,890
2021-04-15 01:01:33.401000,4133.255,4132.599,2250,2250
2021-04-15 01:01:38.833000,4133.452,4132.552,3610,4190
2021-04-15 01:01:38.883000,4133.449,4132.733,2250,2250
2021-04-15 01:01:57.580000,4133.401,4133.049,2250,890
2021-04-15 01:01:57.630000,4133.758,4133.042,2250,2250
2021-04-15 01:02:01.842000,4133.461,4133.046,2250,890
2021-04-15 01:02:01.893000,4133.467,4132.739,2250,2250
2021-04-15 01:02:02.313000,4133.452,4133.031,2250,890
2021-04-15 01:02:02.363000,4133.758,4133.042,2250,2250
2021-04-15 01:02:03.331000,4133.464,4133.034,2250,890
2021-04-15 01:02:03.381000,4133.461,4132.799,2250,2250
2021-04-15 01:02:06.338000,4133.701,4132.734,3610,4190
2021-04-15 01:02:06.388000,4133.701,4133.054,2250,2250
2021-04-15 01:02:29.540000,4133.749,4132.746,3610,4190
2021-04-15 01:02:29.590000,4133.401,4132.799,2250,2250
2021-04-15 01:02:31.384000,4133.246,4132.797,2250,890
2021-04-15 01:02:31.435000,4133.264,4132.536,2250,2250
2021-04-15 01:03:54.735000,4133.458,4132.597,3610,4190
2021-04-15 01:03:54.785000,4133.446,4132.739,2250,2250
2021-04-15 01:04:04.226000,4133.452,4133.043,2250,890
2021-04-15 01:04:04.277000,4133.761,4133.099,2250,2250
2021-04-15 01:04:06.624000,4133.446,4133.097,2250,890
2021-04-15 01:04:06.675000,4133.401,4132.739,2250,2250
2021-04-15 01:04:07.110000,4133.764,4132.746,3610,4190
2021-04-15 01:04:07.160000,4133.764,4133.054,2250,2250
2021-04-15 01:04:09.750000,4133.455,4133.052,2250,890
2021-04-15 01:04:09.801000,4133.458,4132.754,2250,2250
2021-04-15 01:04:11.112000,4133.701,4132.74,3610,4190
2021-04-15 01:04:11.163000,4133.701,4133.039,2250,2250
2021-04-15 01:04:12.475000,4133.464,4133.031,2250,890
2021-04-15 01:04:12.526000,4133.464,4132.799,2250,2250
2021-04-15 01:04:13.153000,4133.752,4132.74,3610,4190
2021-04-15 01:04:13.203000,4133.746,4133.099,2250,2250
2021-04-15 01:04:13.639000,4133.446,4133.037,2250,890
2021-04-15 01:04:13.690000,4133.467,4132.736,2250,2250
2021-04-15 01:04:14.124000,4133.764,4132.734,3610,4190
2021-04-15 01:04:14.174000,4133.701,4133.033,2250,2250
2021-04-15 01:04:14.286000,4133.661,4133.049,2250,890
2021-04-15 01:04:14.337000,4133.667,4132.933,2250,2250
2021-04-15 01:04:14.474000,4133.449,4132.931,2250,890
2021-04-15 01:04:14.525000,4133.449,4132.745,2250,2250
2021-04-15 01:04:15.102000,4133.752,4132.734,3610,4190
2021-04-15 01:04:15.153000,4133.752,4133.099,2250,2250
2021-04-15 01:04:58.980000,4133.667,4133.046,2250,890
2021-04-15 01:04:59.030000,4133.646,4132.999,2250,2250
2021-04-15 01:05:00.100000,4133.646,4133.097,2250,890
2021-04-15 01:05:00.150000,4133.749,4133.036,2250,2250
2021-04-15 01:05:03.215000,4133.764,4133.297,2250,890
2021-04-15 01:05:03.266000,4133.964,4133.299,2250,2250
2021-04-15 01:05:07.221000,4133.955,4133.031,3610,4190
2021-04-15 01:05:07.271000,4133.761,4133.045,2250,2250
2021-04-15 01:05:13.726000,4133.467,4133.04,2250,890
2021-04-15 01:05:13.776000,4133.446,4132.745,2250,2250
2021-04-15 01:05:47.755000,4133.767,4132.734,3610,4190
2021-04-15 01:05:47.806000,4133.749,4133.045,2250,2250
2021-04-15 01:05:49.479000,4133.655,4133.031,2250,890
2021-04-15 01:05:49.529000,4133.667,4132.933,2250,2250
2021-04-15 01:05:50.073000,4133.767,4132.952,3610,4190
2021-04-15 01:05:50.123000,4133.761,4133.051,2250,2250
2021-04-15 01:05:52.754000,4133.452,4133.046,2250,890
2021-04-15 01:05:52.805000,4133.464,4132.736,2250,2250
2021-04-15 01:05:53.807000,4133.746,4132.749,3610,4190
2021-04-15 01:05:53.858000,4133.764,4133.054,2250,2250
2021-04-15 01:05:58.970000,4133.452,4133.031,2250,890
2021-04-15 01:05:59.020000,4133.449,4132.742,2250,2250
2021-04-15 01:06:02.321000,4133.749,4132.737,3610,4190
2021-04-15 01:06:02.371000,4133.761,4133.054,2250,2250
2021-04-15 01:06:05.171000,4133.455,4133.097,2250,890
2021-04-15 01:06:05.222000,4133.467,4132.754,2250,2250
2021-04-15 01:06:10.218000,4133.255,4132.734,2250,890
2021-04-15 01:06:10.269000,4133.255,4132.545,2250,2250
2021-04-15 01:06:10.379000,4133.461,4132.531,3610,4190
2021-04-15 01:06:10.430000,4133.401,4132.733,2250,2250
2021-04-15 01:06:11.467000,4133.201,4132.749,2250,890
2021-04-15 01:06:11.517000,4133.261,4132.536,2250,2250
2021-04-15 01:06:22.882000,4133.264,4132.24,3610,4190
2021-04-15 01:06:22.932000,4132.949,4132.299,2250,2250
2021-04-15 01:07:10.931000,4132.749,4132.24,2250,890
2021-04-15 01:07:10.982000,4132.764,4132.045,2250,2250
2021-04-15 01:07:19.276000,4132.458,4132.052,2250,890
2021-04-15 01:07:19.326000,4132.464,4131.745,2250,2250
2021-04-15 01:07:29.985000,4132.261,4131.743,2250,890
2021-04-15 01:07:30.035000,4132.255,4131.539,2250,2250
2021-04-15 01:07:33.403000,4132.258,4131.246,3610,4190
2021-04-15 01:07:33.453000,4131.946,4131.254,2250,2250
2021-04-15 01:07:41.920000,4131.746,4131.252,2250,890
2021-04-15 01:07:41.970000,4131.767,4131.051,2250,2250
2021-04-15 01:07:43.562000,4131.758,4130.737,3610,4190
2021-04-15 01:07:43.612000,4131.446,4130.733,2250,2250
2021-04-15 01:07:46.572000,4131.764,4130.74,3610,4190
2021-04-15 01:07:46.622000,4131.746,4131.036,2250,2250
2021-04-15 01:07:56.382000,4131.946,4131.034,3610,4190
2021-04-15 01:07:56.433000,4131.964,4131.233,2250,2250
2021-04-15 01:07:58.634000,4131.767,4131.249,2250,890
2021-04-15 01:07:58.684000,4131.749,4131.099,2250,2250
2021-04-15 01:08:00.237000,4131.901,4131.049,3610,4190
2021-04-15 01:08:00.287000,4131.949,4131.233,2250,2250
2021-04-15 01:08:10.875000,4131.946,4131.031,3610,4190
2021-04-15 01:08:10.925000,4131.764,4131.054,2250,2250
2021-04-15 01:08:13.543000,4131.467,4131.04,2250,890
2021-04-15 01:08:13.594000,4131.458,4130.799,2250,2250
2021-04-15 01:08:14.015000,4131.755,4130.746,3610,4190
2021-04-15 01:08:14.065000,4131.746,4131.054,2250,2250
2021-04-15 01:08:38.388000,4131.955,4131.049,3610,4190
2021-04-15 01:08:38.438000,4131.958,4131.239,2250,2250
2021-04-15 01:08:42.274000,4131.964,4131.046,3610,4190
2021-04-15 01:08:42.325000,4131.746,4131.036,2250,2250
2021-04-15 01:08:49.510000,4131.461,4131.049,2250,890
2021-04-15 01:08:49.560000,4131.401,4130.733,2250,2250
2021-04-15 01:08:56.349000,4131.201,4130.749,2250,890
2021-04-15 01:08:56.399000,4131.255,4130.548,2250,2250
2021-04-15 01:09:02.555000,4131.467,4130.549,3610,4190
2021-04-15 01:09:02.606000,4131.446,4130.742,2250,2250
2021-04-15 01:09:03.656000,4131.755,4130.797,3610,4190
2021-04-15 01:09:03.706000,4131.758,4131.042,2250,2250
2021-04-15 01:09:15.047000,4131.752,4130.752,3610,4190
2021-04-15 01:09:15.097000,4131.446,4130.733,2250,2250
2021-04-15 01:09:24.515000,4131.752,4130.797,3610,4190
2021-04-15 01:09:24.565000,4131.755,4131.042,2250,2250
2021-04-15 01:09:40.625000,4131.946,4131.043,3610,4190
2021-04-15 01:09:40.675000,4131.946,4131.299,2250,2250
2021-04-15 01:09:53.647000,4131.967,4131.549,2250,890
2021-04-15 01:09:53.698000,4132.252,4131.554,2250,2250
2021-04-15 01:10:05.999000,4132.246,4131.246,3610,4190
2021-04-15 01:10:06.050000,4131.952,4131.242,2250,2250
2021-04-15 01:10:11.951000,4132.264,4131.237,3610,4190
2021-04-15 01:10:12.001000,4132.264,4131.599,2250,2250
2021-04-15 01:10:31.226000,4132.261,4131.797,2250,890
2021-04-15 01:10:31.276000,4132.461,4131.736,2250,2250
2021-04-15 01:10:42.903000,4132.755,4131.74,3610,4190
2021-04-15 01:10:42.953000,4132.755,4132.039,2250,2250
2021-04-15 01:11:05.687000,4132.946,4132.043,3610,4190
2021-04-15 01:11:05.738000,4132.949,4132.248,2250,2250
2021-04-15 01:11:06.181000,4132.946,4132.031,3610,4190
2021-04-15 01:11:06.231000,4132.758,4132.048,2250,2250
2021-04-15 01:11:44.540000,4132.667,4132.052,2250,890
2021-04-15 01:11:44.591000,4132.652,4131.954,2250,2250
2021-04-15 01:11:44.703000,4132.667,4131.797,3610,4190
2021-04-15 01:11:44.753000,4132.461,4131.799,2250,2250
2021-04-15 01:11:45.319000,4132.461,4132.037,2250,890
2021-04-15 01:11:45.369000,4132.746,4132.042,2250,2250
2021-04-15 01:11:55.914000,4132.461,4132.049,2250,890
2021-04-15 01:11:55.964000,4132.467,4131.751,2250,2250
2021-04-15 01:11:56.084000,4132.767,4131.737,3610,4190
2021-04-15 01:11:56.134000,4132.767,4132.045,2250,2250
2021-04-15 01:11:57.351000,4132.455,4132.052,2250,890
2021-04-15 01:11:57.401000,4132.446,4131.736,2250,2250
2021-04-15 01:11:59.365000,4132.758,4131.731,3610,4190
2021-04-15 01:11:59.416000,4132.752,4132.054,2250,2250
2021-04-15 01:12:21.133000,4132.761,4131.749,3610,4190
2021-04-15 01:12:21.183000,4132.458,4131.745,2250,2250
2021-04-15 01:12:24.183000,4132.761,4131.734,3610,4190
2021-04-15 01:12:24.233000,4132.701,4132.051,2250,2250
2021-04-15 01:12:50.772000,4132.901,4132.043,3610,4190
2021-04-15 01:12:50.822000,4132.946,4132.251,2250,2250
2021-04-15 01:13:05.859000,4133.264,4132.548,2250,2250
2021-04-15 01:13:24.270000,4133.449,4132.597,3610,4190
2021-04-15 01:13:24.320000,4133.464,4132.754,2250,2250
2021-04-15 01:13:58.167000,4133.246,4132.734,2250,890
2021-04-15 01:13:58.217000,4133.258,4132.536,2250,2250
2021-04-15 01:14:00.313000,4133.401,4132.534,3610,4190
2021-04-15 01:14:00.364000,4133.449,4132.751,2250,2250
2021-04-15 01:14:03.829000,4133.267,4132.797,2250,890
2021-04-15 01:14:03.879000,4133.264,4132.554,2250,2250
2021-04-15 01:14:04.632000,4133.461,4132.534,3610,4190
2021-04-15 01:14:04.683000,4133.401,4132.799,2250,2250
2021-04-15 01:14:09.874000,4133.701,4132.737,3610,4190
2021-04-15 01:14:09.924000,4133.755,4133.039,2250,2250
2021-04-15 01:14:21.900000,4133.764,4133.252,2250,890
2021-04-15 01:14:21.950000,4133.946,4133.242,2250,2250
2021-04-15 01:14:31.927000,4134.201,4133.237,3610,4190
2021-04-15 01:14:31.978000,4134.255,4133.542,2250,2250
2021-04-15 01:14:32.090000,4134.161,4133.546,2250,890
2021-04-15 01:14:32.140000,4134.101,4133.454,2250,2250
2021-04-15 01:14:32.249000,4134.264,4133.431,3610,4190
2021-04-15 01:14:32.300000,4134.201,4133.599,2250,2250
2021-04-15 01:14:37.995000,4134.101,4133.552,2250,890
2021-04-15 01:14:38.046000,4134.149,4133.454,2250,2250
2021-04-15 01:14:38.316000,4133.958,4133.44,2250,890
2021-04-15 01:14:38.366000,4133.949,4133.248,2250,2250
2021-04-15 01:14:38.478000,4134.246,4133.24,3610,4190
2021-04-15 01:14:38.528000,4134.264,4133.554,2250,2250
2021-04-15 01:14:39.924000,4134.152,4133.549,2250,890
2021-04-15 01:14:39.974000,4134.146,4133.436,2250,2250
2021-04-15 01:14:40.240000,4133.952,4133.449,2250,890
2021-04-15 01:14:40.291000,4133.967,4133.299,2250,2250
2021-04-15 01:15:01.861000,4133.952,4133.034,3610,4190
2021-04-15 01:15:01.911000,4133.764,4133.099,2250,2250
2021-04-15 01:15:02.278000,4133.958,4133.043,3610,4190
2021-04-15 01:15:02.328000,4133.961,4133.299,2250,2250
2021-04-15 01:15:02.991000,4133.855,4133.24,2250,890
2021-04-15 01:15:03.041000,4133.861,4133.148,2250,2250
2021-04-15 01:15:03.151000,4133.949,4133.197,3610,4190
2021-04-15 01:15:03.201000,4133.946,4133.236,2250,2250
2021-04-15 01:15:04.064000,4133.861,4133.246,2250,890
2021-04-15 01:15:04.114000,4133.855,4133.133,2250,2250
2021-04-15 01:15:04.511000,4133.867,4133.037,3610,4190
2021-04-15 01:15:04.562000,4133.764,4133.039,2250,2250
2021-04-15 01:15:05.557000,4133.458,4133.031,2250,890
2021-04-15 01:15:05.608000,4133.455,4132.742,2250,2250
2021-04-15 01:15:09.836000,4133.255,4132.797,2250,890
2021-04-15 01:15:09.887000,4133.261,4132.548,2250,2250
2021-04-15 01:15:16.417000,4133.461,4132.552,3610,4190
2021-04-15 01:15:16.467000,4133.458,4132.799,2250,2250
2021-04-15 01:15:16.899000,4133.752,4132.743,3610,4190
2021-04-15 01:15:16.950000,4133.749,4133.048,2250,2250
2021-04-15 01:15:21.412000,4133.455,4133.04,2250,890
2021-04-15 01:15:21.462000,4133.449,4132.799,2250,2250
2021-04-15 01:15:24.430000,4133.758,4132.743,3610,4190
2021-04-15 01:15:24.481000,4133.761,4133.039,2250,2250
2021-04-15 01:15:30.844000,4133.955,4133.046,3610,4190
2021-04-15 01:15:30.895000,4133.949,4133.245,2250,2250
2021-04-15 01:15:31.005000,4133.952,4133.549,2250,890
2021-04-15 01:15:31.056000,4134.249,4133.539,2250,2250
2021-04-15 01:15:32.534000,4133.952,4133.531,2250,890
2021-04-15 01:15:32.584000,4133.952,4133.299,2250,2250
2021-04-15 01:15:33.178000,4134.246,4133.237,3610,4190
2021-04-15 01:15:33.229000,4134.246,4133.545,2250,2250
2021-04-15 01:15:35.694000,4133.961,4133.597,2250,890
2021-04-15 01:15:35.745000,4133.946,4133.254,2250,2250
2021-04-15 01:15:37.183000,4134.155,4133.246,3610,4190
2021-04-15 01:15:37.233000,4134.158,4133.454,2250,2250
2021-04-15 01:15:37.345000,4134.252,4133.44,3610,4190
2021-04-15 01:15:37.396000,4134.246,4133.533,2250,2250
2021-04-15 01:15:45.040000,4134.255,4133.24,3610,4190
2021-04-15 01:15:45.090000,4133.961,4133.245,2250,2250
2021-04-15 01:15:48.513000,4134.252,4133.249,3610,4190
2021-04-15 01:15:48.563000,4134.249,4133.545,2250,2250
2021-04-15 01:15:49.225000,4133.955,4133.597,2250,890
2021-04-15 01:15:49.276000,4133.958,4133.239,2250,2250
2021-04-15 01:15:50.586000,4134.261,4133.599,2250,2250
2021-04-15 01:15:50.746000,4133.949,4133.546,2250,890
2021-04-15 01:15:50.796000,4133.955,4133.245,2250,2250
2021-04-15 01:15:54.311000,4134.167,4133.237,3610,4190
2021-04-15 01:15:54.362000,4134.101,4133.451,2250,2250
2021-04-15 01:15:54.493000,4134.246,4133.431,3610,4190
2021-04-15 01:15:54.543000,4134.255,4133.539,2250,2250
2021-04-15 01:15:56.123000,4133.967,4133.54,2250,890
2021-04-15 01:15:56.173000,4133.952,4133.242,2250,2250
2021-04-15 01:15:58.298000,4134.155,4133.252,3610,4190
2021-04-15 01:15:58.349000,4134.164,4133.454,2250,2250
2021-04-15 01:15:58.767000,4133.946,4133.431,2250,890
2021-04-15 01:15:58.817000,4133.952,4133.236,2250,2250
2021-04-15 01:16:01.435000,4134.155,4133.243,3610,4190
2021-04-15 01:16:01.486000,4134.155,4133.442,2250,2250
2021-04-15 01:16:01.727000,4134.261,4133.452,3610,4190
2021-04-15 01:16:01.777000,4134.252,4133.539,2250,2250
2021-04-15 01:16:03.679000,4134.401,4133.534,3610,4190
2021-04-15 01:16:03.730000,4134.455,4133.751,2250,2250
2021-04-15 01:16:04.164000,4134.252,4133.734,2250,890
2021-04-15 01:16:04.214000,4134.267,4133.545,2250,2250
2021-04-15 01:16:05.574000,4134.364,4133.552,3610,4190
2021-04-15 01:16:05.624000,4134.361,4133.636,2250,2250
2021-04-15 01:16:05.736000,4134.401,4133.64,3610,4190
2021-04-15 01:16:05.787000,4134.401,4133.733,2250,2250
2021-04-15 01:16:06.863000,4134.255,4133.752,2250,890
2021-04-15 01:16:06.913000,4134.246,4133.551,2250,2250
2021-04-15 01:16:09.380000,4134.458,4133.552,3610,4190
2021-04-15 01:16:09.430000,4134.455,4133.736,2250,2250
2021-04-15 01:16:18.389000,4134.764,4133.746,3610,4190
2021-04-15 01:16:18.439000,4134.761,4134.045,2250,2250
2021-04-15 01:16:22.607000,4134.952,4134.097,3610,4190
2021-04-15 01:16:22.658000,4134.901,4134.248,2250,2250
2021-04-15 01:16:23.772000,4134.749,4134.252,2250,890
2021-04-15 01:16:23.823000,4134.764,4134.036,2250,2250
2021-04-15 01:16:30.234000,4134.449,4134.046,2250,890
2021-04-15 01:16:30.285000,4134.401,4133.733,2250,2250
2021-04-15 01:16:31.178000,4134.749,4133.752,3610,4190
2021-04-15 01:16:31.228000,4134.746,4134.042,2250,2250
2021-04-15 01:16:36.969000,4134.958,4134.046,3610,4190
2021-04-15 01:16:37.019000,4134.958,4134.248,2250,2250
2021-04-15 01:16:42.265000,4135.201,4134.234,3610,4190
2021-04-15 01:16:42.316000,4135.267,4134.554,2250,2250
2021-04-15 01:16:44.067000,4134.967,4134.597,2250,890
2021-04-15 01:16:44.117000,4134.961,4134.251,2250,2250
2021-04-15 01:16:58.136000,4135.258,4134.24,3610,4190
2021-04-15 01:16:58.186000,4135.249,4134.545,2250,2250
2021-04-15 01:16:58.587000,4135.167,4134.534,2250,890
2021-04-15 01:16:58.638000,4135.161,4134.448,2250,2250
2021-04-15 01:16:59.088000,4135.258,4134.443,3610,4190
2021-04-15 01:16:59.139000,4135.249,4134.545,2250,2250
2021-04-15 01:16:59.426000,4134.961,4134.537,2250,890
2021-04-15 01:16:59.476000,4134.901,4134.299,2250,2250
2021-04-15 01:17:01.917000,4135.267,4134.237,3610,4190
2021-04-15 01:17:01.968000,4135.261,4134.551,2250,2250
2021-04-15 01:17:02.752000,4134.958,4134.552,2250,890
2021-04-15 01:17:02.803000,4134.961,4134.236,2250,2250
2021-04-15 01:17:08.444000,4134.764,4134.297,2250,890
2021-04-15 01:17:08.495000,4134.767,4134.099,2250,2250
2021-04-15 01:17:12.380000,4134.452,4134.034,2250,890
2021-04-15 01:17:12.430000,4134.467,4133.742,2250,2250
2021-04-15 01:17:22.971000,4134.246,4133.74,2250,890
2021-04-15 01:17:23.021000,4134.261,4133.548,2250,2250
2021-04-15 01:17:24.572000,4134.461,4133.531,3610,4190
2021-04-15 01:17:24.622000,4134.446,4133.754,2250,2250
2021-04-15 01:17:25.601000,4134.246,4133.752,2250,890
2021-04-15 01:17:25.651000,4134.261,4133.554,2250,2250
2021-04-15 01:17:28.613000,4134.449,4133.531,3610,4190
2021-04-15 01:17:28.664000,4134.464,4133.742,2250,2250
2021-04-15 01:17:32.352000,4134.452,4133.534,3610,4190
2021-04-15 01:17:32.402000,4134.201,4133.533,2250,2250
2021-04-15 01:17:32.527000,4134.361,4133.549,3610,4190
2021-04-15 01:17:32.577000,4134.364,4133.642,2250,2250
2021-04-15 01:17:32.685000,4134.267,4133.64,2250,890
2021-04-15 01:17:32.735000,4134.261,4133.536,2250,2250
2021-04-15 01:17:41.843000,4134.464,4133.546,3610,4190
2021-04-15 01:17:41.894000,4134.464,4133.748,2250,2250
2021-04-15 01:17:42.967000,4134.252,4133.749,2250,890
2021-04-15 01:17:43.017000,4134.261,4133.599,2250,2250
2021-04-15 01:17:52.501000,4133.946,4133.531,2250,890
2021-04-15 01:17:52.552000,4133.952,4133.251,2250,2250
2021-04-15 01:17:53.613000,4133.949,4133.046,3610,4190
2021-04-15 01:17:53.664000,4133.749,4133.051,2250,2250
2021-04-15 01:17:55.028000,4133.967,4133.034,3610,4190
2021-04-15 01:17:55.079000,4133.955,4133.245,2250,2250
2021-04-15 01:18:05.291000,4133.964,4133.052,3610,4190
2021-04-15 01:18:05.342000,4133.755,4133.054,2250,2250
2021-04-15 01:18:07.697000,4133.946,4133.031,3610,4190
2021-04-15 01:18:07.747000,4133.946,4133.239,2250,2250
2021-04-15 01:18:07.857000,4133.761,4133.246,2250,890
2021-04-15 01:18:07.908000,4133.755,4133.039,2250,2250
2021-04-15 01:18:08.823000,4133.955,4133.034,3610,4190
2021-04-15 01:18:08.873000,4133.961,4133.248,2250,2250
2021-04-15 01:18:14.353000,4133.749,4133.24,2250,890
2021-04-15 01:18:14.403000,4133.749,4133.099,2250,2250
2021-04-15 01:18:34.309000,4133.852,4133.049,3610,4190
2021-04-15 01:18:34.359000,4133.846,4133.151,2250,2250
2021-04-15 01:18:35.504000,4133.764,4133.152,2250,890
2021-04-15 01:18:35.554000,4133.746,4133.048,2250,2250
2021-04-15 01:18:43.734000,4133.961,4133.248,2250,2250
2021-04-15 01:18:46.109000,4134.267,4133.24,3610,4190
2021-04-15 01:18:46.160000,4134.246,4133.599,2250,2250
2021-04-15 01:18:46.837000,4134.101,4133.537,2250,890
2021-04-15 01:18:46.887000,4134.158,4133.499,2250,2250
2021-04-15 01:18:48.273000,4134.261,4133.434,3610,4190
2021-04-15 01:18:48.323000,4134.255,4133.545,2250,2250
2021-04-15 01:18:49.131000,4133.964,4133.549,2250,890
2021-04-15 01:18:49.181000,4133.958,4133.236,2250,2250
2021-04-15 01:18:54.195000,4133.946,4133.546,2250,890
2021-04-15 01:18:54.245000,4134.201,4133.599,2250,2250
2021-04-15 01:19:09.197000,4133.958,4133.534,2250,890
2021-04-15 01:19:09.247000,4133.961,4133.242,2250,2250
2021-04-15 01:19:11.347000,4133.861,4133.297,2250,890
2021-04-15 01:19:11.398000,4133.855,4133.142,2250,2250
2021-04-15 01:19:12.079000,4133.958,4133.146,3610,4190
2021-04-15 01:19:12.129000,4133.964,4133.239,2250,2250
2021-04-15 01:19:14.202000,4133.852,4133.252,2250,890
2021-04-15 01:19:14.253000,4133.867,4133.142,2250,2250
2021-04-15 01:19:15.375000,4133.767,4133.149,2250,890
2021-04-15 01:19:15.426000,4133.755,4133.054,2250,2250
2021-04-15 01:19:18.504000,4133.955,4133.043,3610,4190
2021-04-15 01:19:18.554000,4133.901,4133.242,2250,2250
2021-04-15 01:19:22.572000,4133.764,4133.234,2250,890
2021-04-15 01:19:22.623000,4133.755,4133.048,2250,2250
2021-04-15 01:19:25.602000,4133.901,4133.031,3610,4190
2021-04-15 01:19:25.653000,4133.952,4133.242,2250,2250
2021-04-15 01:19:35.004000,4133.701,4133.252,2250,890
2021-04-15 01:19:35.054000,4133.755,4133.048,2250,2250
2021-04-15 01:19:36.310000,4133.952,4133.037,3610,4190
2021-04-15 01:19:36.360000,4133.946,4133.299,2250,2250
2021-04-15 01:19:36.970000,4133.767,4133.252,2250,890
2021-04-15 01:19:37.020000,4133.758,4133.099,2250,2250
2021-04-15 01:19:57.891000,4133.652,4133.097,2250,890
2021-04-15 01:19:57.941000,4133.667,4132.936,2250,2250
2021-04-15 01:19:58.056000,4133.755,4132.949,3610,4190
2021-04-15 01:19:58.107000,4133.752,4133.039,2250,2250
2021-04-15 01:20:01.652000,4133.946,4133.034,3610,4190
2021-04-15 01:20:01.702000,4133.952,4133.248,2250,2250
2021-04-15 01:20:02.140000,4133.846,4133.249,2250,890
2021-04-15 01:20:02.190000,4133.861,4133.136,2250,2250
2021-04-15 01:20:02.309000,4133.964,4133.236,2250,2250
2021-04-15 01:20:04.259000,4133.701,4133.249,2250,890
2021-04-15 01:20:04.309000,4133.767,4133.045,2250,2250
2021-04-15 01:20:05.045000,4133.961,4133.097,3610,4190
2021-04-15 01:20:05.095000,4133.952,4133.254,2250,2250
2021-04-15 01:20:10.739000,4133.752,4133.246,2250,890
2021-04-15 01:20:10.789000,4133.749,4133.033,2250,2250
2021-04-15 01:20:12.103000,4133.464,4133.046,2250,890
2021-04-15 01:20:12.154000,4133.458,4132.745,2250,2250
2021-04-15 01:20:12.625000,4133.755,4132.797,3610,4190
2021-04-15 01:20:12.676000,4133.761,4133.045,2250,2250
2021-04-15 01:20:13.022000,4133.446,4133.097,2250,890
2021-04-15 01:20:13.072000,4133.467,4132.739,2250,2250
2021-04-15 01:20:15.764000,4133.752,4132.737,3610,4190
2021-04-15 01:20:15.815000,4133.746,4133.039,2250,2250
2021-04-15 01:20:16.277000,4133.652,4133.031,2250,890
2021-04-15 01:20:16.327000,4133.601,4132.945,2250,2250
2021-04-15 01:20:16.960000,4133.467,4132.931,2250,890
2021-04-15 01:20:17.011000,4133.401,4132.799,2250,2250
2021-04-15 01:20:17.450000,4133.701,4132.746,3610,4190
2021-04-15 01:20:17.500000,4133.755,4133.045,2250,2250
2021-04-15 01:20:19.281000,4133.455,4133.097,2250,890
2021-04-15 01:20:19.332000,4133.467,4132.736,2250,2250
2021-04-15 01:20:19.736000,4133.601,4132.743,3610,4190
2021-04-15 01:20:19.787000,4133.667,4132.999,2250,2250
2021-04-15 01:20:20.485000,4133.446,4132.94,2250,890
2021-04-15 01:20:20.535000,4133.446,4132.736,2250,2250
2021-04-15 01:20:25.880000,4133.764,4132.737,3610,4190
2021-04-15 01:20:25.930000,4133.767,4133.054,2250,2250
2021-04-15 01:20:26.423000,4133.452,4133.097,2250,890
2021-04-15 01:20:26.474000,4133.461,4132.739,2250,2250
2021-04-15 01:20:29.916000,4133.646,4132.737,3610,4190
2021-04-15 01:20:29.966000,4133.658,4132.999,2250,2250
2021-04-15 01:20:30.077000,4133.758,4132.931,3610,4190
2021-04-15 01:20:30.127000,4133.746,4133.099,2250,2250
2021-04-15 01:20:57.574000,4133.949,4133.037,3610,4190
2021-04-15 01:20:57.624000,4133.964,4133.242,2250,2250
2021-04-15 01:21:11.365000,4134.164,4133.231,3610,4190
2021-04-15 01:21:11.415000,4134.149,4133.499,2250,2250
2021-04-15 01:21:12.167000,4134.158,4133.531,2250,890
2021-04-15 01:21:12.217000,4134.201,4133.554,2250,2250
2021-04-15 01:21:28.203000,4133.946,4133.549,2250,890
2021-04-15 01:21:28.253000,4133.946,4133.251,2250,2250
2021-04-15 01:21:34.507000,4133.758,4133.243,2250,890
2021-04-15 01:21:34.558000,4133.746,4133.048,2250,2250
2021-04-15 01:21:35.981000,4133.401,4133.037,2250,890
2021-04-15 01:21:36.031000,4133.464,4132.739,2250,2250
2021-04-15 01:21:38.365000,4133.746,4132.734,3610,4190
2021-04-15 01:21:38.415000,4133.701,4133.051,2250,2250
2021-04-15 01:21:39.580000,4133.667,4133.049,2250,890
2021-04-15 01:21:39.631000,4133.601,4132.948,2250,2250
2021-04-15 01:21:40.397000,4133.449,4132.943,2250,890
2021-04-15 01:21:40.448000,4133.449,4132.748,2250,2250
2021-04-15 01:21:41.060000,4133.764,4132.74,3610,4190
2021-04-15 01:21:41.110000,4133.755,4133.039,2250,2250
2021-04-15 01:21:44.779000,4133.455,4133.037,2250,890
2021-04-15 01:21:44.829000,4133.449,4132.799,2250,2250
2021-04-15 01:21:44.937000,4133.758,4132.743,3610,4190
2021-04-15 01:21:44.987000,4133.701,4133.051,2250,2250
2021-04-15 01:21:52.886000,4133.464,4133.043,2250,890
2021-04-15 01:21:52.936000,4133.401,4132.751,2250,2250
2021-04-15 01:22:04.787000,4133.649,4132.752,3610,4190
2021-04-15 01:22:04.837000,4133.664,4132.951,2250,2250
2021-04-15 01:22:04.948000,4133.752,4132.943,3610,4190
2021-04-15 01:22:04.998000,4133.761,4133.045,2250,2250
2021-04-15 01:22:05.549000,4133.667,4133.049,2250,890
2021-04-15 01:22:05.600000,4133.649,4132.939,2250,2250
2021-04-15 01:22:05.709000,4133.446,4132.934,2250,890
2021-04-15 01:22:05.759000,4133.401,4132.736,2250,2250
2021-04-15 01:22:12.787000,4133.767,4132.797,3610,4190
2021-04-15 01:22:12.837000,4133.761,4133.042,2250,2250
2021-04-15 01:22:15.455000,4133.464,4133.046,2250,890
2021-04-15 01:22:15.505000,4133.461,4132.748,2250,2250
2021-04-15 01:22:31.434000,4133.758,4132.737,3610,4190
2021-04-15 01:22:31.484000,4133.746,4133.039,2250,2250
2021-04-15 01:22:31.593000,4133.455,4133.04,2250,890
2021-04-15 01:22:31.643000,4133.446,4132.745,2250,2250
2021-04-15 01:22:32.950000,4133.652,4132.797,3610,4190
2021-04-15 01:22:33.001000,4133.664,4132.936,2250,2250
2021-04-15 01:22:33.188000,4133.752,4132.952,3610,4190
2021-04-15 01:22:33.238000,4133.701,4133.048,2250,2250
2021-04-15 01:22:34.862000,4133.452,4133.043,2250,890
2021-04-15 01:22:34.912000,4133.461,4132.739,2250,2250
2021-04-15 01:22:42.763000,4133.767,4132.746,3610,4190
2021-04-15 01:22:42.814000,4133.767,4133.045,2250,2250
2021-04-15 01:23:27.847000,4133.961,4133.04,3610,4190
2021-04-15 01:23:27.897000,4133.961,4133.236,2250,2250
2021-04-15 01:23:33.932000,4133.901,4133.197,3610,4190
2021-04-15 01:23:33.982000,4133.864,4133.148,2250,2250
2021-04-15 01:23:34.415000,4133.767,4133.137,2250,890
2021-04-15 01:23:34.465000,4133.767,4133.039,2250,2250
2021-04-15 01:23:38.814000,4133.964,4133.037,3610,4190
2021-04-15 01:23:38.864000,4133.967,4133.242,2250,2250
2021-04-15 01:23:43.398000,4133.864,4133.231,2250,890
2021-04-15 01:23:43.448000,4133.858,4133.151,2250,2250
2021-04-15 01:23:43.721000,4133.758,4133.197,2250,890
2021-04-15 01:23:43.771000,4133.746,4133.045,2250,2250
2021-04-15 01:23:52.313000,4133.764,4132.749,3610,4190
2021-04-15 01:23:52.363000,4133.449,4132.736,2250,2250
2021-04-15 01:23:53.662000,4133.255,4132.746,2250,890
2021-04-15 01:23:53.713000,4133.267,4132.542,2250,2250
2021-04-15 01:23:58.755000,4133.461,4132.546,3610,4190
2021-04-15 01:23:58.805000,4133.458,4132.745,2250,2250
2021-04-15 01:24:00.873000,4133.264,4132.752,2250,890
2021-04-15 01:24:00.923000,4133.246,4132.548,2250,2250
2021-04-15 01:24:01.978000,4133.252,4132.697,2250,890
2021-04-15 01:24:02.029000,4133.355,4132.654,2250,2250
2021-04-15 01:24:02.132000,4133.264,4132.646,2250,890
2021-04-15 01:24:02.182000,4133.267,4132.536,2250,2250
2021-04-15 01:24:02.619000,4133.346,4132.597,3610,4190
2021-04-15 01:24:02.669000,4133.352,4132.648,2250,2250
2021-04-15 01:24:02.946000,4133.401,4132.637,3610,4190
2021-04-15 01:24:02.996000,4133.401,4132.751,2250,2250
2021-04-15 01:24:05.998000,4133.201,4132.752,2250,890
2021-04-15 01:24:06.048000,4133.264,4132.599,2250,2250
2021-04-15 01:24:07.133000,4133.446,4132.54,3610,4190
2021-04-15 01:24:07.183000,4133.446,4132.754,2250,2250
2021-04-15 01:24:08.756000,4133.267,4132.749,2250,890
2021-04-15 01:24:08.806000,4133.255,4132.554,2250,2250
2021-04-15 01:24:10.796000,4132.961,4132.537,2250,890
2021-04-15 01:24:10.847000,4132.949,4132.251,2250,2250
2021-04-15 01:24:11.993000,4133.101,4132.237,3610,4190
2021-04-15 01:24:12.043000,4133.146,4132.442,2250,2250
2021-04-15 01:24:12.155000,4133.246,4132.449,3610,4190
2021-04-15 01:24:12.205000,4133.201,4132.548,2250,2250
2021-04-15 01:24:13.263000,4133.101,4132.552,2250,890
2021-04-15 01:24:13.313000,4133.167,4132.436,2250,2250
2021-04-15 01:24:13.719000,4133.255,4132.431,3610,4190
2021-04-15 01:24:13.769000,4133.255,4132.599,2250,2250
2021-04-15 01:24:28.283000,4132.967,4132.54,2250,890
2021-04-15 01:24:28.333000,4132.955,4132.239,2250,2250
2021-04-15 01:24:35.330000,4133.201,4132.243,3610,4190
2021-04-15 01:24:35.380000,4133.252,4132.533,2250,2250
2021-04-15 01:24:46.891000,4133.164,4132.552,2250,890
2021-04-15 01:24:46.941000,4133.155,4132.442,2250,2250
2021-04-15 01:24:47.214000,4132.958,4132.452,2250,890
2021-04-15 01:24:47.264000,4132.946,4132.233,2250,2250
2021-04-15 01:24:47.696000,4133.246,4132.246,3610,4190
2021-04-15 01:24:47.746000,4133.249,4132.542,2250,2250
2021-04-15 01:24:48.690000,4132.967,4132.543,2250,890
2021-04-15 01:24:48.740000,4132.964,4132.248,2250,2250
2021-04-15 01:24:49.650000,4133.255,4132.249,3610,4190
2021-04-15 01:24:49.700000,4133.261,4132.542,2250,2250
2021-04-15 01:24:50.137000,4133.146,4132.543,2250,890
2021-04-15 01:24:50.187000,4133.146,4132.499,2250,2250
2021-04-15 01:24:50.299000,4132.967,4132.434,2250,890
2021-04-15 01:24:50.349000,4132.901,4132.245,2250,2250
2021-04-15 01:24:50.989000,4133.164,4132.249,3610,4190
2021-04-15 01:24:51.040000,4133.155,4132.454,2250,2250
2021-04-15 01:24:51.438000,4132.955,4132.452,2250,890
2021-04-15 01:24:51.488000,4132.952,4132.299,2250,2250
2021-04-15 01:24:58.668000,4133.255,4132.234,3610,4190
2021-04-15 01:24:58.718000,4133.264,4132.599,2250,2250
2021-04-15 01:25:00.292000,4132.946,4132.549,2250,890
2021-04-15 01:25:00.342000,4132.964,4132.245,2250,2250
2021-04-15 01:25:04.599000,4133.264,4132.24,3610,4190
2021-04-15 01:25:04.649000,4133.201,4132.533,2250,2250
2021-04-15 01:25:06.730000,4132.964,4132.546,2250,890
2021-04-15 01:25:06.780000,4132.952,4132.254,2250,2250
2021-04-15 01:25:09.379000,4133.267,4132.243,3610,4190
2021-04-15 01:25:09.430000,4133.261,4132.554,2250,2250
2021-04-15 01:25:09.702000,4132.901,4132.543,2250,890
2021-04-15 01:25:09.752000,4132.958,4132.233,2250,2250
2021-04-15 01:25:10.533000,4133.258,4132.234,3610,4190
2021-04-15 01:25:10.584000,4133.201,4132.545,2250,2250
2021-04-15 01:25:16.839000,4133.449,4132.537,3610,4190
2021-04-15 01:25:16.889000,4133.452,4132.754,2250,2250
2021-04-15 01:25:16.997000,4133.264,4132.746,2250,890
2021-04-15 01:25:17.048000,4133.255,4132.536,2250,2250
2021-04-15 01:25:23.133000,4133.467,4132.531,3610,4190
2021-04-15 01:25:23.184000,4133.461,4132.739,2250,2250
2021-04-15 01:25:39.994000,4133.249,4132.74,2250,890
2021-04-15 01:25:40.045000,4133.249,4132.554,2250,2250
2021-04-15 01:25:46.943000,4132.964,4132.552,2250,890
2021-04-15 01:25:46.993000,4132.961,4132.245,2250,2250
2021-04-15 01:25:54.742000,4133.252,4132.297,3610,4190
2021-04-15 01:25:54.793000,4133.261,4132.542,2250,2250
2021-04-15 01:25:55.146000,4132.949,4132.54,2250,890
2021-04-15 01:25:55.197000,4132.955,4132.251,2250,2250
2021-04-15 01:25:57.435000,4133.258,4132.237,3610,4190
2021-04-15 01:25:57.485000,4133.249,4132.542,2250,2250
2021-04-15 01:25:57.998000,4133.158,4132.597,2250,890
2021-04-15 01:25:58.049000,4133.152,4132.433,2250,2250
2021-04-15 01:25:58.159000,4132.964,4132.497,2250,890
2021-04-15 01:25:58.209000,4132.961,4132.245,2250,2250
2021-04-15 01:26:00.326000,4133.252,4132.231,3610,4190
2021-04-15 01:26:00.377000,4133.264,4132.548,2250,2250
2021-04-15 01:26:02.913000,4132.964,4132.552,2250,890
2021-04-15 01:26:02.963000,4132.901,4132.254,2250,2250
2021-04-15 01:26:27.006000,4133.246,4132.234,3610,4190
2021-04-15 01:26:27.057000,4133.201,4132.599,2250,2250
2021-04-15 01:26:41.124000,4132.952,4132.534,2250,890
2021-04-15 01:26:41.174000,4132.958,4132.233,2250,2250
2021-04-15 01:27:26.590000,4133.252,4132.231,3610,4190
2021-04-15 01:27:26.640000,4133.255,4132.548,2250,2250
2021-04-15 01:27:26.910000,4132.946,4132.531,2250,890
2021-04-15 01:27:26.961000,4132.949,4132.233,2250,2250
2021-04-15 01:27:32.124000,4133.246,4132.237,3610,4190
2021-04-15 01:27:32.175000,4133.258,4132.545,2250,2250
2021-04-15 01:28:42.015000,4132.967,4132.54,2250,890
2021-04-15 01:28:42.065000,4132.958,4132.254,2250,2250
2021-04-15 01:29:11.403000,4133.261,4132.252,3610,4190
2021-04-15 01:29:11.454000,4133.252,4132.548,2250,2250
2021-04-15 01:30:00.720000,4133.452,4132.546,3610,4190
2021-04-15 01:30:00.770000,4133.458,4132.742,2250,2250
2021-04-15 01:30:08.023000,4133.246,4132.746,2250,890
2021-04-15 01:30:08.073000,4133.246,4132.548,2250,2250
2021-04-15 01:30:19.810000,4133.464,4132.597,3610,4190
2021-04-15 01:30:19.861000,4133.464,4132.733,2250,2250
2021-04-15 01:30:21.052000,4133.746,4132.743,3610,4190
2021-04-15 01:30:21.102000,4133.758,4133.051,2250,2250
2021-04-15 01:30:21.558000,4133.601,4133.037,2250,890
2021-04-15 01:30:21.609000,4133.646,4132.954,2250,2250
2021-04-15 01:30:21.719000,4133.752,4132.937,3610,4190
2021-04-15 01:30:21.769000,4133.746,4133.048,2250,2250
2021-04-15 01:30:24.982000,4133.458,4133.037,2250,890
2021-04-15 01:30:25.032000,4133.458,4132.739,2250,2250
2021-04-15 01:30:41.287000,4133.255,4132.746,2250,890
2021-04-15 01:30:41.338000,4133.261,4132.545,2250,2250
2021-04-15 01:30:50.994000,4132.964,4132.597,2250,890
2021-04-15 01:30:51.045000,4132.961,4132.248,2250,2250
2021-04-15 01:31:00.592000,4132.746,4132.246,2250,890
2021-04-15 01:31:00.642000,4132.749,4132.042,2250,2250
2021-04-15 01:31:03.535000,4132.901,4132.052,3610,4190
2021-04-15 01:31:03.585000,4132.958,4132.251,2250,2250
2021-04-15 01:31:06.473000,4132.746,4132.246,2250,890
2021-04-15 01:31:06.524000,4132.746,4132.033,2250,2250
2021-04-15 01:31:12.110000,4132.958,4132.04,3610,4190
2021-04-15 01:31:12.160000,4132.967,4132.242,2250,2250
2021-04-15 01:31:12.270000,4132.867,4132.252,2250,890
2021-04-15 01:31:12.320000,4132.867,4132.136,2250,2250
2021-04-15 01:31:12.454000,4132.701,4132.143,2250,890
2021-04-15 01:31:12.504000,4132.761,4132.042,2250,2250
2021-04-15 01:31:14.294000,4132.801,4132.034,3610,4190
2021-04-15 01:31:14.344000,4132.858,4132.145,2250,2250
2021-04-15 01:31:14.455000,4132.964,4132.137,3610,4190
2021-04-15 01:31:14.505000,4132.952,4132.299,2250,2250
2021-04-15 01:31:15.900000,4132.746,4132.231,2250,890
2021-04-15 01:31:15.950000,4132.761,4132.099,2250,2250
2021-04-15 01:31:18.233000,4132.961,4132.037,3610,4190
2021-04-15 01:31:18.283000,4132.949,4132.254,2250,2250
2021-04-15 01:31:19.132000,4132.701,4132.297,2250,890
2021-04-15 01:31:19.182000,4132.767,4132.033,2250,2250
2021-04-15 01:31:19.297000,4132.949,4132.031,3610,4190
2021-04-15 01:31:19.347000,4132.964,4132.245,2250,2250
2021-04-15 01:31:20.249000,4132.864,4132.231,2250,890
2021-04-15 01:31:20.299000,4132.801,4132.139,2250,2250
2021-04-15 01:31:20.778000,4132.958,4132.149,3610,4190
2021-04-15 01:31:20.828000,4132.958,4132.248,2250,2250
2021-04-15 01:31:25.739000,4133.264,4132.237,3610,4190
2021-04-15 01:31:25.789000,4133.255,4132.545,2250,2250
2021-04-15 01:31:39.165000,4133.146,4132.531,2250,890
2021-04-15 01:31:39.215000,4133.152,4132.445,2250,2250
2021-04-15 01:31:39.326000,4133.255,4132.449,3610,4190
2021-04-15 01:31:39.377000,4133.258,4132.545,2250,2250
2021-04-15 01:31:42.931000,4133.449,4132.537,3610,4190
2021-04-15 01:31:42.981000,4133.401,4132.748,2250,2250
2021-04-15 01:31:43.092000,4133.301,4132.749,2250,890
2021-04-15 01:31:43.142000,4133.346,4132.642,2250,2250
2021-04-15 01:31:43.256000,4133.458,4132.649,3610,4190
2021-04-15 01:31:43.306000,4133.401,4132.748,2250,2250
2021-04-15 01:31:43.416000,4133.258,4132.752,2250,890
