2021-04-30 00:00:00.377000,4205.06,4204.533,460,2250
2021-04-30 00:00:00.428000,4205.261,4204.551,2250,2250
2021-04-30 00:00:00.878000,4205.052,4204.342,2250,3140
2021-04-30 00:00:00.928000,4205.046,4204.333,2250,2250
2021-04-30 00:00:01.041000,4205.066,4204.542,460,2250
2021-04-30 00:00:01.092000,4205.246,4204.542,2250,2250
2021-04-30 00:00:01.863000,4205.046,4204.345,2250,3140
2021-04-30 00:00:01.913000,4205.001,4204.336,2250,2250
2021-04-30 00:00:02.337000,4204.752,4204.099,2250,2250
2021-04-30 00:00:02.667000,4204.701,4204.036,2250,3140
2021-04-30 00:00:02.717000,4205.061,4204.399,2250,2250
2021-04-30 00:00:04.977000,4204.946,4204.248,2250,2250
2021-04-30 00:00:05.307000,4204.761,4204.099,2250,2250
2021-04-30 00:00:05.433000,4204.748,4204.348,460,2250
2021-04-30 00:00:05.484000,4205.049,4204.339,2250,2250
2021-04-30 00:00:06.303000,4204.746,4204.048,2250,3140
2021-04-30 00:00:06.354000,4204.749,4204.048,2250,2250
2021-04-30 00:00:10.741000,4204.56,4204.054,460,2250
2021-04-30 00:00:10.791000,4204.549,4203.848,2250,2250
2021-04-30 00:00:12.567000,4204.764,4204.036,2250,2250
2021-04-30 00:00:13.045000,4204.766,4204.333,460,2250
2021-04-30 00:00:13.095000,4205.055,4204.345,2250,2250
2021-04-30 00:00:13.887000,4205.258,4204.536,2250,2250
2021-04-30 00:00:14.731000,4205.26,4204.842,460,2250
2021-04-30 00:00:14.781000,4205.567,4204.845,2250,2250
2021-04-30 00:00:14.891000,4205.557,4205.036,460,2250
2021-04-30 00:00:14.941000,4205.755,4205.036,2250,2250
2021-04-30 00:00:18.179000,4205.558,4204.854,2250,2250
2021-04-30 00:00:19.648000,4205.56,4205.036,460,2250
2021-04-30 00:00:19.698000,4205.749,4205.051,2250,2250
2021-04-30 00:00:20.706000,4205.501,4204.833,2250,3140
2021-04-30 00:00:20.756000,4205.552,4204.839,2250,2250
2021-04-30 00:00:22.722000,4205.557,4205.048,460,2250
2021-04-30 00:00:22.773000,4205.761,4205.048,2250,2250
2021-04-30 00:00:22.883000,4205.549,4204.848,2250,3140
2021-04-30 00:00:22.933000,4205.552,4204.851,2250,2250
2021-04-30 00:00:24.819000,4205.557,4205.048,460,2250
2021-04-30 00:00:24.869000,4205.749,4205.036,2250,2250
2021-04-30 00:00:25.140000,4205.546,4204.899,2250,3140
2021-04-30 00:00:25.190000,4205.555,4204.851,2250,2250
2021-04-30 00:00:25.956000,4205.569,4205.045,460,2250
2021-04-30 00:00:26.006000,4205.761,4205.045,2250,2250
2021-04-30 00:00:27.332000,4205.754,4205.345,460,2250
2021-04-30 00:00:27.382000,4206.061,4205.351,2250,2250
2021-04-30 00:00:27.495000,4205.749,4205.036,2250,3140
2021-04-30 00:00:27.545000,4205.701,4205.039,2250,2250
2021-04-30 00:00:27.653000,4205.748,4205.354,460,2250
2021-04-30 00:00:27.703000,4206.058,4205.399,2250,2250
2021-04-30 00:00:28.296000,4205.755,4205.039,2250,3140
2021-04-30 00:00:28.346000,4205.767,4205.099,2250,2250
2021-04-30 00:00:28.462000,4205.703,4205.348,460,2250
2021-04-30 00:00:28.512000,4206.049,4205.333,2250,2250
2021-04-30 00:00:28.942000,4205.746,4205.099,2250,3140
2021-04-30 00:00:28.992000,4205.746,4205.039,2250,2250
2021-04-30 00:00:30.554000,4205.763,4205.333,460,2250
2021-04-30 00:00:30.605000,4206.046,4205.399,2250,2250
2021-04-30 00:00:31.522000,4206.06,4205.548,460,2250
2021-04-30 00:00:31.572000,4206.249,4205.533,2250,2250
2021-04-30 00:00:33.875000,4206.266,4205.854,460,2250
2021-04-30 00:00:33.925000,4206.546,4205.848,2250,2250
2021-04-30 00:00:35.369000,4206.552,4205.851,2250,3140
2021-04-30 00:00:35.419000,4206.746,4206.051,2250,2250
2021-04-30 00:00:36.896000,4206.552,4205.836,2250,3140
2021-04-30 00:00:36.946000,4206.558,4205.842,2250,2250
2021-04-30 00:00:38.547000,4206.267,4205.533,2250,3140
2021-04-30 00:00:38.597000,4206.261,4205.599,2250,2250
2021-04-30 00:00:41.741000,4206.061,4205.333,2250,3140
2021-04-30 00:00:41.791000,4206.058,4205.399,2250,2250
2021-04-30 00:00:45.749000,4205.554,4205.354,460,2250
2021-04-30 00:00:45.799000,4205.561,4204.851,2250,2250
2021-04-30 00:00:49.263000,4205.255,4204.542,2250,3140
2021-04-30 00:00:49.313000,4205.261,4204.536,2250,2250
2021-04-30 00:00:49.423000,4205.263,4204.833,460,2250
2021-04-30 00:00:49.473000,4205.558,4204.848,2250,2250
2021-04-30 00:00:51.723000,4205.56,4205.042,460,2250
2021-04-30 00:00:51.774000,4205.755,4205.048,2250,2250
2021-04-30 00:00:55.332000,4205.546,4204.833,2250,3140
2021-04-30 00:00:55.382000,4205.501,4204.845,2250,2250
2021-04-30 00:00:55.485000,4205.548,4205.042,460,2250
2021-04-30 00:00:55.536000,4205.746,4205.054,2250,2250
2021-04-30 00:00:56.138000,4205.552,4204.845,2250,2250
2021-04-30 00:00:56.468000,4205.761,4205.054,2250,2250
2021-04-30 00:00:57.403000,4205.561,4204.848,2250,3140
2021-04-30 00:00:57.454000,4205.552,4204.848,2250,2250
2021-04-30 00:00:58.218000,4205.563,4205.099,460,2250
2021-04-30 00:00:58.268000,4205.758,4205.042,2250,2250
2021-04-30 00:01:00.023000,4205.746,4205.042,2250,3140
2021-04-30 00:01:00.073000,4205.901,4205.239,2250,2250
2021-04-30 00:01:00.178000,4205.701,4205.048,2250,3140
2021-04-30 00:01:00.228000,4205.752,4205.042,2250,2250
2021-04-30 00:01:00.338000,4205.703,4205.348,460,2250
2021-04-30 00:01:00.389000,4206.058,4205.333,2250,2250
2021-04-30 00:01:01.640000,4206.069,4205.533,460,2250
2021-04-30 00:01:01.691000,4206.258,4205.554,2250,2250
2021-04-30 00:01:04.753000,4206.058,4205.399,2250,3140
2021-04-30 00:01:04.803000,4206.061,4205.348,2250,2250
2021-04-30 00:01:05.072000,4206.06,4205.433,460,2250
2021-04-30 00:01:05.123000,4206.101,4205.436,2250,2250
2021-04-30 00:01:05.238000,4206.058,4205.354,2250,3140
2021-04-30 00:01:05.289000,4206.058,4205.351,2250,2250
2021-04-30 00:01:07.137000,4205.952,4205.251,2250,3140
2021-04-30 00:01:07.188000,4205.967,4205.299,2250,2250
2021-04-30 00:01:07.452000,4205.963,4205.342,460,2250
2021-04-30 00:01:07.502000,4206.061,4205.399,2250,2250
2021-04-30 00:01:11.258000,4206.003,4205.554,460,2250
2021-04-30 00:01:11.308000,4206.255,4205.554,2250,2250
2021-04-30 00:01:16.429000,4206.001,4205.339,2250,3140
2021-04-30 00:01:16.480000,4206.055,4205.333,2250,2250
2021-04-30 00:01:20.815000,4205.761,4205.051,2250,3140
2021-04-30 00:01:20.865000,4205.749,4205.036,2250,2250
2021-04-30 00:01:21.780000,4205.76,4205.342,460,2250
2021-04-30 00:01:21.831000,4206.001,4205.336,2250,2250
2021-04-30 00:01:22.125000,4205.746,4205.099,2250,3140
2021-04-30 00:01:22.175000,4205.767,4205.033,2250,2250
2021-04-30 00:01:27.377000,4205.769,4205.342,460,2250
2021-04-30 00:01:27.427000,4206.067,4205.342,2250,2250
2021-04-30 00:01:28.755000,4205.754,4205.342,460,2250
2021-04-30 00:01:28.805000,4205.701,4205.045,2250,2250
2021-04-30 00:01:30.467000,4206.067,4205.399,2250,2250
2021-04-30 00:01:30.581000,4205.761,4205.054,2250,3140
2021-04-30 00:01:30.631000,4205.701,4205.054,2250,2250
2021-04-30 00:01:31.388000,4205.748,4205.336,460,2250
2021-04-30 00:01:31.438000,4206.064,4205.345,2250,2250
2021-04-30 00:01:54.001000,4206.003,4205.554,460,2250
2021-04-30 00:01:54.052000,4206.252,4205.554,2250,2250
2021-04-30 00:01:54.960000,4206.167,4205.436,2250,3140
2021-04-30 00:01:55.010000,4206.101,4205.442,2250,2250
2021-04-30 00:01:55.388000,4206.169,4205.545,460,2250
2021-04-30 00:01:55.439000,4206.261,4205.551,2250,2250
2021-04-30 00:01:56.061000,4206.064,4205.351,2250,3140
2021-04-30 00:01:56.112000,4206.064,4205.354,2250,2250
2021-04-30 00:01:56.791000,4206.003,4205.554,460,2250
2021-04-30 00:01:56.842000,4206.252,4205.539,2250,2250
2021-04-30 00:02:01.233000,4206.149,4205.454,2250,3140
2021-04-30 00:02:01.283000,4206.167,4205.451,2250,2250
2021-04-30 00:02:01.391000,4206.049,4205.348,2250,3140
2021-04-30 00:02:01.441000,4206.046,4205.336,2250,2250
2021-04-30 00:02:08.421000,4206.258,4205.533,2250,2250
2021-04-30 00:02:08.575000,4206.058,4205.333,2250,3140
2021-04-30 00:02:08.625000,4206.052,4205.351,2250,2250
2021-04-30 00:02:08.751000,4206.146,4205.433,2250,2250
2021-04-30 00:02:08.896000,4206.046,4205.342,2250,3140
2021-04-30 00:02:08.946000,4206.058,4205.354,2250,2250
2021-04-30 00:02:09.081000,4206.201,4205.599,2250,2250
2021-04-30 00:02:11.126000,4206.058,4205.351,2250,3140
2021-04-30 00:02:11.176000,4206.067,4205.339,2250,2250
2021-04-30 00:02:18.876000,4205.755,4205.054,2250,3140
2021-04-30 00:02:18.926000,4205.752,4205.054,2250,2250
2021-04-30 00:02:19.678000,4205.757,4205.348,460,2250
2021-04-30 00:02:19.729000,4206.052,4205.399,2250,2250
2021-04-30 00:02:20.304000,4205.701,4205.051,2250,2250
2021-04-30 00:02:25.157000,4205.561,4204.839,2250,3140
2021-04-30 00:02:25.207000,4205.561,4204.848,2250,2250
2021-04-30 00:02:27.182000,4205.503,4205.045,460,2250
2021-04-30 00:02:27.232000,4205.749,4205.051,2250,2250
2021-04-30 00:02:27.341000,4205.652,4204.936,2250,3140
2021-04-30 00:02:27.391000,4205.661,4204.945,2250,2250
2021-04-30 00:02:27.635000,4205.654,4205.042,460,2250
2021-04-30 00:02:27.686000,4205.701,4205.051,2250,2250
2021-04-30 00:02:28.271000,4205.646,4204.942,2250,3140
2021-04-30 00:02:28.321000,4205.601,4204.939,2250,2250
2021-04-30 00:02:28.628000,4205.651,4205.033,460,2250
2021-04-30 00:02:28.678000,4205.761,4205.039,2250,2250
2021-04-30 00:02:30.666000,4206.049,4205.345,2250,2250
2021-04-30 00:02:30.994000,4205.767,4205.099,2250,3140
2021-04-30 00:02:31.044000,4205.761,4205.048,2250,2250
2021-04-30 00:02:44.998000,4205.754,4205.336,460,2250
2021-04-30 00:02:45.049000,4206.064,4205.336,2250,2250
2021-04-30 00:02:45.487000,4205.752,4205.045,2250,3140
2021-04-30 00:02:45.537000,4205.752,4205.045,2250,2250
2021-04-30 00:02:51.340000,4205.548,4205.033,460,2250
2021-04-30 00:02:51.390000,4205.567,4204.842,2250,2250
2021-04-30 00:02:56.636000,4205.267,4204.542,2250,3140
2021-04-30 00:02:56.686000,4205.252,4204.533,2250,2250
2021-04-30 00:02:56.801000,4205.546,4204.836,2250,2250
2021-04-30 00:02:56.958000,4205.449,4204.799,2250,3140
2021-04-30 00:02:57.009000,4205.455,4204.799,2250,2250
2021-04-30 00:02:57.208000,4205.264,4204.548,2250,3140
2021-04-30 00:02:57.259000,4205.264,4204.533,2250,2250
2021-04-30 00:03:01.780000,4205.254,4204.899,460,2250
2021-04-30 00:03:01.831000,4205.564,4204.839,2250,2250
2021-04-30 00:03:01.941000,4205.258,4204.554,2250,2250
2021-04-30 00:03:05.291000,4205.269,4204.854,460,2250
2021-04-30 00:03:05.341000,4205.501,4204.854,2250,2250
2021-04-30 00:03:16.169000,4205.548,4205.042,460,2250
2021-04-30 00:03:16.220000,4205.752,4205.039,2250,2250
2021-04-30 00:03:16.988000,4205.564,4204.836,2250,3140
2021-04-30 00:03:17.038000,4205.567,4204.854,2250,2250
2021-04-30 00:03:23.089000,4205.258,4204.599,2250,3140
2021-04-30 00:03:23.140000,4205.252,4204.554,2250,2250
2021-04-30 00:03:25.006000,4205.054,4204.533,460,2250
2021-04-30 00:03:25.057000,4205.055,4204.339,2250,2250
2021-04-30 00:03:26.817000,4204.758,4204.036,2250,3140
2021-04-30 00:03:26.867000,4204.764,4204.033,2250,2250
2021-04-30 00:03:26.982000,4204.754,4204.399,460,2250
2021-04-30 00:03:27.033000,4205.061,4204.336,2250,2250
2021-04-30 00:03:29.691000,4204.755,4204.045,2250,3140
2021-04-30 00:03:29.742000,4204.761,4204.045,2250,2250
2021-04-30 00:03:30.887000,4204.748,4204.245,460,2250
2021-04-30 00:03:30.937000,4204.952,4204.236,2250,2250
2021-04-30 00:03:31.047000,4204.749,4204.036,2250,3140
2021-04-30 00:03:31.098000,4204.767,4204.054,2250,2250
2021-04-30 00:03:37.714000,4204.549,4203.836,2250,3140
2021-04-30 00:03:37.765000,4204.546,4203.851,2250,2250
2021-04-30 00:03:38.038000,4204.554,4204.054,460,2250
2021-04-30 00:03:38.089000,4204.701,4204.099,2250,2250
2021-04-30 00:03:38.537000,4204.558,4203.899,2250,2250
2021-04-30 00:03:38.683000,4204.503,4204.099,460,2250
2021-04-30 00:03:38.733000,4204.752,4204.099,2250,2250
2021-04-30 00:03:39.221000,4204.658,4203.999,2250,3140
2021-04-30 00:03:39.271000,4204.667,4203.933,2250,2250
2021-04-30 00:03:39.382000,4204.558,4203.845,2250,3140
2021-04-30 00:03:39.432000,4204.564,4203.839,2250,2250
2021-04-30 00:03:39.702000,4204.554,4204.051,460,2250
2021-04-30 00:03:39.753000,4204.761,4204.054,2250,2250
2021-04-30 00:03:41.736000,4204.601,4203.942,2250,3140
2021-04-30 00:03:41.787000,4204.652,4203.954,2250,2250
2021-04-30 00:03:42.006000,4204.66,4204.099,460,2250
2021-04-30 00:03:42.056000,4204.764,4204.054,2250,2250
2021-04-30 00:03:43.313000,4204.766,4204.351,460,2250
2021-04-30 00:03:43.364000,4205.067,4204.399,2250,2250
2021-04-30 00:03:46.571000,4204.749,4204.042,2250,3140
2021-04-30 00:03:46.621000,4204.752,4204.039,2250,2250
2021-04-30 00:03:47.840000,4204.546,4203.854,2250,3140
2021-04-30 00:03:47.890000,4204.564,4203.854,2250,2250
2021-04-30 00:03:48.669000,4204.552,4203.836,2250,3140
2021-04-30 00:03:48.720000,4204.761,4204.039,2250,2250
2021-04-30 00:03:49.151000,4204.546,4203.839,2250,3140
2021-04-30 00:03:49.201000,4204.552,4203.848,2250,2250
2021-04-30 00:03:51.216000,4204.569,4204.051,460,2250
2021-04-30 00:03:51.267000,4204.749,4204.048,2250,2250
2021-04-30 00:03:51.408000,4204.546,4203.899,2250,2250
2021-04-30 00:03:53.145000,4204.548,4204.099,460,2250
2021-04-30 00:03:53.196000,4204.752,4204.054,2250,2250
2021-04-30 00:03:53.306000,4204.546,4203.851,2250,3140
2021-04-30 00:03:53.357000,4204.501,4203.854,2250,2250
2021-04-30 00:03:53.721000,4204.764,4204.042,2250,2250
2021-04-30 00:03:56.365000,4205.001,4204.339,2250,2250
2021-04-30 00:03:57.390000,4204.758,4204.099,2250,3140
2021-04-30 00:03:57.440000,4204.764,4204.039,2250,2250
2021-04-30 00:04:00.993000,4204.546,4203.845,2250,2250
2021-04-30 00:04:02.061000,4204.752,4204.048,2250,2250
2021-04-30 00:04:08.998000,4204.552,4203.842,2250,3140
2021-04-30 00:04:09.049000,4204.546,4203.848,2250,2250
2021-04-30 00:04:09.333000,4204.56,4204.048,460,2250
2021-04-30 00:04:09.384000,4204.752,4204.039,2250,2250
2021-04-30 00:04:10.571000,4205.058,4204.333,2250,2250
2021-04-30 00:04:18.577000,4204.701,4204.051,2250,3140
2021-04-30 00:04:18.631000,4204.755,4204.033,2250,2250
2021-04-30 00:04:22.232000,4204.567,4203.854,2250,3140
2021-04-30 00:04:22.283000,4204.561,4203.845,2250,2250
2021-04-30 00:04:22.719000,4204.569,4204.048,460,2250
2021-04-30 00:04:22.769000,4204.755,4204.036,2250,2250
2021-04-30 00:04:23.037000,4204.549,4203.833,2250,3140
2021-04-30 00:04:23.087000,4204.552,4203.851,2250,2250
2021-04-30 00:04:25.981000,4204.557,4204.039,460,2250
2021-04-30 00:04:26.031000,4204.752,4204.045,2250,2250
2021-04-30 00:04:26.142000,4204.546,4203.839,2250,3140
2021-04-30 00:04:26.193000,4204.558,4203.839,2250,2250
2021-04-30 00:04:33.683000,4204.767,4204.099,2250,2250
2021-04-30 00:04:42.647000,4204.763,4204.354,460,2250
2021-04-30 00:04:42.698000,4205.046,4204.333,2250,2250
2021-04-30 00:04:42.809000,4204.746,4204.039,2250,3140
2021-04-30 00:04:42.860000,4204.761,4204.048,2250,2250
2021-04-30 00:04:44.573000,4204.555,4203.851,2250,2250
2021-04-30 00:04:59.826000,4204.563,4203.933,460,2250
2021-04-30 00:04:59.876000,4204.649,4203.939,2250,2250
2021-04-30 00:04:59.987000,4204.552,4203.839,2250,3140
2021-04-30 00:05:00.038000,4204.555,4203.851,2250,2250
2021-04-30 00:05:01.235000,4204.569,4204.039,460,2250
2021-04-30 00:05:01.286000,4204.701,4204.048,2250,2250
2021-04-30 00:05:02.402000,4204.549,4203.839,2250,2250
2021-04-30 00:05:06.182000,4204.503,4203.951,460,2250
2021-04-30 00:05:06.232000,4204.601,4203.948,2250,2250
2021-04-30 00:05:06.365000,4204.749,4204.045,2250,2250
2021-04-30 00:05:14.339000,4204.564,4203.899,2250,3140
2021-04-30 00:05:14.390000,4204.561,4203.854,2250,2250
2021-04-30 00:05:18.307000,4204.569,4203.936,460,2250
2021-04-30 00:05:18.358000,4204.652,4203.999,2250,2250
2021-04-30 00:05:18.468000,4204.657,4204.036,460,2250
2021-04-30 00:05:18.518000,4204.746,4204.054,2250,2250
2021-04-30 00:05:21.554000,4204.555,4203.842,2250,2250
2021-04-30 00:05:34.331000,4204.255,4203.554,2250,3140
2021-04-30 00:05:34.381000,4204.267,4203.554,2250,2250
2021-04-30 00:05:42.605000,4204.061,4203.339,2250,3140
2021-04-30 00:05:42.655000,4204.067,4203.336,2250,2250
2021-04-30 00:05:43.474000,4204.066,4203.551,460,2250
2021-04-30 00:05:43.525000,4204.258,4203.536,2250,2250
2021-04-30 00:05:51.708000,4204.257,4203.854,460,2250
2021-04-30 00:05:51.758000,4204.567,4203.848,2250,2250
2021-04-30 00:05:53.517000,4204.201,4203.539,2250,3140
2021-04-30 00:05:53.567000,4204.246,4203.536,2250,2250
2021-04-30 00:05:53.837000,4204.101,4203.454,2250,3140
2021-04-30 00:05:53.887000,4204.164,4203.439,2250,2250
2021-04-30 00:05:54.003000,4204.055,4203.351,2250,3140
2021-04-30 00:05:54.053000,4204.061,4203.354,2250,2250
2021-04-30 00:05:54.171000,4204.057,4203.545,460,2250
2021-04-30 00:05:54.222000,4204.201,4203.539,2250,2250
2021-04-30 00:06:01.029000,4204.067,4203.399,2250,3140
2021-04-30 00:06:01.079000,4204.049,4203.342,2250,2250
2021-04-30 00:06:02.021000,4203.701,4203.051,2250,3140
2021-04-30 00:06:02.071000,4203.764,4203.042,2250,2250
2021-04-30 00:06:18.178000,4203.555,4202.854,2250,3140
2021-04-30 00:06:18.229000,4203.555,4202.899,2250,2250
2021-04-30 00:06:20.795000,4203.503,4203.033,460,2250
2021-04-30 00:06:20.846000,4203.746,4203.099,2250,2250
2021-04-30 00:06:36.200000,4203.552,4202.848,2250,3140
2021-04-30 00:06:36.251000,4203.567,4202.854,2250,2250
2021-04-30 00:06:37.575000,4203.56,4203.099,460,2250
2021-04-30 00:06:37.625000,4203.755,4203.042,2250,2250
2021-04-30 00:06:39.355000,4203.567,4202.848,2250,3140
2021-04-30 00:06:39.405000,4203.546,4202.899,2250,2250
2021-04-30 00:06:44.753000,4203.752,4203.036,2250,2250
2021-04-30 00:06:51.866000,4203.766,4203.348,460,2250
2021-04-30 00:06:51.917000,4204.001,4203.351,2250,2250
2021-04-30 00:06:56.307000,4204.255,4203.542,2250,2250
2021-04-30 00:07:07.286000,4203.758,4203.051,2250,2250
2021-04-30 00:07:07.466000,4203.748,4203.533,460,2250
2021-04-30 00:07:07.516000,4204.264,4203.554,2250,2250
2021-04-30 00:07:14.562000,4204.266,4203.845,460,2250
2021-04-30 00:07:14.612000,4204.549,4203.833,2250,2250
2021-04-30 00:07:14.721000,4204.246,4203.551,2250,3140
2021-04-30 00:07:14.771000,4204.258,4203.548,2250,2250
2021-04-30 00:07:20.668000,4204.257,4203.848,460,2250
2021-04-30 00:07:20.719000,4204.567,4203.899,2250,2250
2021-04-30 00:07:23.132000,4204.267,4203.551,2250,3140
2021-04-30 00:07:23.182000,4204.258,4203.551,2250,2250
2021-04-30 00:07:37.980000,4203.701,4203.048,2250,3140
2021-04-30 00:07:38.031000,4203.752,4203.054,2250,2250
2021-04-30 00:07:47.478000,4204.055,4203.354,2250,2250
2021-04-30 00:07:47.864000,4203.749,4203.051,2250,3140
2021-04-30 00:07:47.915000,4203.761,4203.099,2250,2250
2021-04-30 00:07:58.769000,4203.751,4203.342,460,2250
2021-04-30 00:07:58.819000,4204.052,4203.351,2250,2250
2021-04-30 00:07:58.932000,4203.946,4203.236,2250,3140
2021-04-30 00:07:58.983000,4203.952,4203.254,2250,2250
2021-04-30 00:07:59.120000,4203.96,4203.345,460,2250
2021-04-30 00:07:59.170000,4204.055,4203.342,2250,2250
2021-04-30 00:08:00.360000,4203.749,4203.048,2250,2250
2021-04-30 00:08:02.522000,4203.561,4202.842,2250,3140
2021-04-30 00:08:02.572000,4203.567,4202.842,2250,2250
2021-04-30 00:08:03.165000,4203.554,4203.048,460,2250
2021-04-30 00:08:03.216000,4203.701,4203.033,2250,2250
2021-04-30 00:08:05.896000,4203.76,4203.339,460,2250
2021-04-30 00:08:05.946000,4204.046,4203.348,2250,2250
2021-04-30 00:08:06.206000,4203.746,4203.045,2250,3140
2021-04-30 00:08:06.256000,4203.746,4203.039,2250,2250
2021-04-30 00:08:09.118000,4203.246,4202.542,2250,3140
2021-04-30 00:08:09.168000,4203.255,4202.542,2250,2250
2021-04-30 00:08:10.624000,4203.046,4202.345,2250,3140
2021-04-30 00:08:10.674000,4203.046,4202.342,2250,2250
2021-04-30 00:08:11.141000,4203.066,4202.533,460,2250
2021-04-30 00:08:11.192000,4203.246,4202.554,2250,2250
2021-04-30 00:08:14.332000,4203.052,4202.339,2250,3140
2021-04-30 00:08:14.383000,4203.001,4202.348,2250,2250
2021-04-30 00:08:14.759000,4203.267,4202.554,2250,2250
2021-04-30 00:08:16.218000,4203.055,4202.399,2250,3140
2021-04-30 00:08:16.269000,4203.055,4202.354,2250,2250
2021-04-30 00:08:16.865000,4203.246,4202.542,2250,2250
2021-04-30 00:08:21.401000,4203.049,4202.348,2250,3140
2021-04-30 00:08:21.451000,4203.046,4202.345,2250,2250
2021-04-30 00:08:23.894000,4202.758,4202.054,2250,3140
2021-04-30 00:08:23.945000,4202.761,4202.054,2250,2250
2021-04-30 00:08:24.055000,4202.751,4202.233,460,2250
2021-04-30 00:08:24.106000,4202.952,4202.245,2250,2250
2021-04-30 00:08:24.218000,4202.752,4202.051,2250,3140
2021-04-30 00:08:24.269000,4202.761,4202.099,2250,2250
2021-04-30 00:08:24.385000,4202.769,4202.333,460,2250
2021-04-30 00:08:24.435000,4203.064,4202.354,2250,2250
2021-04-30 00:08:27.336000,4203.054,4202.551,460,2250
2021-04-30 00:08:27.387000,4203.258,4202.545,2250,2250
2021-04-30 00:08:30.067000,4203.248,4202.842,460,2250
2021-04-30 00:08:30.118000,4203.552,4202.842,2250,2250
2021-04-30 00:08:36.505000,4203.403,4202.833,460,2250
2021-04-30 00:08:36.555000,4203.446,4202.733,2250,2250
2021-04-30 00:08:36.669000,4203.501,4202.848,2250,2250
2021-04-30 00:08:38.321000,4203.557,4203.045,460,2250
2021-04-30 00:08:38.372000,4203.755,4203.036,2250,2250
2021-04-30 00:08:42.023000,4203.555,4202.848,2250,3140
2021-04-30 00:08:42.074000,4203.567,4202.836,2250,2250
2021-04-30 00:08:42.641000,4203.56,4203.051,460,2250
2021-04-30 00:08:42.691000,4203.755,4203.042,2250,2250
2021-04-30 00:08:42.846000,4203.558,4202.836,2250,3140
2021-04-30 00:08:42.896000,4203.567,4202.851,2250,2250
2021-04-30 00:08:53.612000,4203.452,4202.751,2250,3140
2021-04-30 00:08:53.662000,4203.401,4202.736,2250,2250
2021-04-30 00:08:54.073000,4203.451,4202.842,460,2250
2021-04-30 00:08:54.124000,4203.558,4202.833,2250,2250
2021-04-30 00:08:55.598000,4203.264,4202.545,2250,3140
2021-04-30 00:08:55.648000,4203.267,4202.542,2250,2250
2021-04-30 00:08:57.061000,4203.266,4202.839,460,2250
2021-04-30 00:08:57.112000,4203.549,4202.854,2250,2250
2021-04-30 00:08:58.014000,4203.261,4202.539,2250,2250
2021-04-30 00:08:58.636000,4203.251,4202.836,460,2250
2021-04-30 00:08:58.687000,4203.546,4202.836,2250,2250
2021-04-30 00:09:02.417000,4203.261,4202.539,2250,3140
2021-04-30 00:09:02.468000,4203.267,4202.539,2250,2250
2021-04-30 00:09:07.039000,4203.561,4202.842,2250,2250
2021-04-30 00:09:27.865000,4203.749,4203.039,2250,2250
2021-04-30 00:09:31.305000,4203.558,4202.848,2250,3140
2021-04-30 00:09:31.356000,4203.564,4202.854,2250,2250
2021-04-30 00:09:31.759000,4203.554,4203.039,460,2250
2021-04-30 00:09:31.810000,4203.746,4203.045,2250,2250
2021-04-30 00:09:59.367000,4203.748,4203.354,460,2250
2021-04-30 00:09:59.418000,4204.067,4203.345,2250,2250
2021-04-30 00:09:59.687000,4203.767,4203.045,2250,3140
2021-04-30 00:09:59.738000,4203.701,4203.054,2250,2250
2021-04-30 00:10:01.002000,4203.757,4203.354,460,2250
2021-04-30 00:10:01.053000,4204.061,4203.339,2250,2250
2021-04-30 00:10:08.962000,4203.761,4203.054,2250,3140
2021-04-30 00:10:09.012000,4203.758,4203.033,2250,2250
2021-04-30 00:10:34.113000,4203.258,4202.548,2250,3140
2021-04-30 00:10:34.164000,4203.261,4202.548,2250,2250
2021-04-30 00:10:41.039000,4203.049,4202.399,2250,3140
2021-04-30 00:10:41.089000,4203.061,4202.333,2250,2250
2021-04-30 00:10:47.748000,4202.752,4202.036,2250,3140
2021-04-30 00:10:47.798000,4202.761,4202.036,2250,2250
2021-04-30 00:11:02.305000,4202.561,4201.845,2250,3140
2021-04-30 00:11:02.355000,4202.558,4201.848,2250,2250
2021-04-30 00:11:02.467000,4202.255,4201.542,2250,3140
2021-04-30 00:11:02.517000,4202.267,4201.545,2250,2250
2021-04-30 00:11:02.797000,4202.064,4201.399,2250,3140
2021-04-30 00:11:02.848000,4202.061,4201.354,2250,2250
2021-04-30 00:11:04.764000,4202.054,4201.545,460,2250
2021-04-30 00:11:04.814000,4202.246,4201.539,2250,2250
2021-04-30 00:11:37.599000,4202.269,4201.854,460,2250
2021-04-30 00:11:37.650000,4202.501,4201.839,2250,2250
2021-04-30 00:11:39.614000,4202.566,4201.936,460,2250
2021-04-30 00:11:39.664000,4202.646,4201.951,2250,2250
2021-04-30 00:11:39.771000,4202.555,4201.899,2250,3140
2021-04-30 00:11:39.822000,4202.558,4201.848,2250,2250
2021-04-30 00:11:41.688000,4202.56,4202.099,460,2250
2021-04-30 00:11:41.738000,4202.749,4202.033,2250,2250
2021-04-30 00:11:56.513000,4202.751,4202.345,460,2250
2021-04-30 00:11:56.564000,4203.046,4202.399,2250,2250
2021-04-30 00:11:59.820000,4203.06,4202.539,460,2250
2021-04-30 00:11:59.870000,4203.252,4202.599,2250,2250
2021-04-30 00:12:00.281000,4203.055,4202.348,2250,3140
2021-04-30 00:12:00.332000,4203.067,4202.345,2250,2250
2021-04-30 00:12:01.115000,4202.761,4202.048,2250,3140
2021-04-30 00:12:01.165000,4202.758,4202.099,2250,2250
2021-04-30 00:12:01.495000,4202.757,4202.351,460,2250
2021-04-30 00:12:01.545000,4203.061,4202.345,2250,2250
2021-04-30 00:12:02.537000,4202.757,4202.339,460,2250
2021-04-30 00:12:02.587000,4202.701,4202.033,2250,2250
2021-04-30 00:12:03.246000,4202.763,4202.348,460,2250
2021-04-30 00:12:03.296000,4203.001,4202.339,2250,2250
2021-04-30 00:12:08.291000,4203.252,4202.542,2250,2250
2021-04-30 00:12:10.659000,4203.046,4202.345,2250,2250
2021-04-30 00:12:11.207000,4203.057,4202.554,460,2250
2021-04-30 00:12:11.258000,4203.201,4202.548,2250,2250
2021-04-30 00:12:12.304000,4203.058,4202.348,2250,3140
2021-04-30 00:12:12.355000,4203.001,4202.354,2250,2250
2021-04-30 00:12:12.627000,4203.06,4202.551,460,2250
2021-04-30 00:12:12.678000,4203.261,4202.539,2250,2250
2021-04-30 00:12:12.790000,4203.164,4202.439,2250,3140
2021-04-30 00:12:12.840000,4203.164,4202.445,2250,2250
2021-04-30 00:12:13.332000,4203.151,4202.542,460,2250
2021-04-30 00:12:13.383000,4203.252,4202.542,2250,2250
2021-04-30 00:12:15.881000,4203.549,4202.842,2250,2250
2021-04-30 00:12:18.873000,4203.249,4202.536,2250,3140
2021-04-30 00:12:18.924000,4203.249,4202.548,2250,2250
2021-04-30 00:12:23.882000,4203.254,4202.839,460,2250
2021-04-30 00:12:23.933000,4203.546,4202.833,2250,2250
2021-04-30 00:12:24.526000,4203.452,4202.799,2250,3140
2021-04-30 00:12:24.576000,4203.452,4202.799,2250,2250
2021-04-30 00:12:24.691000,4203.454,4202.836,460,2250
2021-04-30 00:12:24.741000,4203.561,4202.851,2250,2250
2021-04-30 00:12:25.902000,4203.201,4202.548,2250,3140
2021-04-30 00:12:25.952000,4203.246,4202.533,2250,2250
2021-04-30 00:12:29.796000,4203.263,4202.836,460,2250
2021-04-30 00:12:29.846000,4203.549,4202.833,2250,2250
2021-04-30 00:12:30.737000,4203.249,4202.536,2250,2250
2021-04-30 00:12:31.525000,4203.254,4202.751,460,2250
2021-04-30 00:12:31.575000,4203.464,4202.745,2250,2250
2021-04-30 00:12:32.212000,4203.448,4202.899,460,2250
2021-04-30 00:12:32.262000,4203.567,4202.845,2250,2250
2021-04-30 00:12:33.272000,4203.261,4202.533,2250,3140
2021-04-30 00:12:33.322000,4203.258,4202.548,2250,2250
2021-04-30 00:12:34.100000,4203.26,4202.848,460,2250
2021-04-30 00:12:34.150000,4203.555,4202.833,2250,2250
2021-04-30 00:12:34.258000,4203.201,4202.536,2250,3140
2021-04-30 00:12:34.309000,4203.264,4202.536,2250,2250
2021-04-30 00:12:36.620000,4203.248,4202.854,460,2250
2021-04-30 00:12:36.670000,4203.564,4202.848,2250,2250
2021-04-30 00:12:36.922000,4203.249,4202.551,2250,3140
2021-04-30 00:12:36.972000,4203.249,4202.533,2250,2250
2021-04-30 00:12:49.712000,4203.046,4202.342,2250,3140
2021-04-30 00:12:49.763000,4203.055,4202.342,2250,2250
2021-04-30 00:12:50.215000,4203.249,4202.551,2250,2250
2021-04-30 00:12:50.545000,4203.549,4202.839,2250,2250
2021-04-30 00:13:00.935000,4203.258,4202.551,2250,3140
2021-04-30 00:13:00.986000,4203.267,4202.554,2250,2250
2021-04-30 00:13:02.428000,4203.567,4202.839,2250,2250
2021-04-30 00:13:17.179000,4203.557,4203.048,460,2250
2021-04-30 00:13:17.229000,4203.746,4203.099,2250,2250
2021-04-30 00:13:24.476000,4203.564,4202.839,2250,3140
2021-04-30 00:13:24.526000,4203.549,4202.839,2250,2250
2021-04-30 00:13:31.691000,4203.557,4203.045,460,2250
2021-04-30 00:13:31.741000,4203.758,4203.036,2250,2250
2021-04-30 00:13:32.018000,4203.761,4203.045,2250,3140
2021-04-30 00:13:32.068000,4204.067,4203.339,2250,2250
2021-04-30 00:13:47.167000,4203.764,4203.036,2250,3140
2021-04-30 00:13:47.218000,4203.755,4203.045,2250,2250
2021-04-30 00:14:02.596000,4203.546,4202.899,2250,3140
2021-04-30 00:14:02.646000,4203.555,4202.836,2250,2250
2021-04-30 00:14:30.194000,4203.554,4203.039,460,2250
2021-04-30 00:14:30.244000,4203.701,4203.051,2250,2250
2021-04-30 00:14:32.634000,4203.549,4202.854,2250,3140
2021-04-30 00:14:32.684000,4203.552,4202.833,2250,2250
2021-04-30 00:14:36.746000,4203.56,4203.054,460,2250
2021-04-30 00:14:36.796000,4203.764,4203.054,2250,2250
2021-04-30 00:14:42.721000,4203.567,4202.842,2250,3140
2021-04-30 00:14:42.772000,4203.549,4202.836,2250,2250
2021-04-30 00:14:42.883000,4203.551,4203.033,460,2250
2021-04-30 00:14:42.934000,4203.749,4203.036,2250,2250
2021-04-30 00:15:02.404000,4203.501,4202.845,2250,3140
2021-04-30 00:15:02.455000,4203.546,4202.845,2250,2250
2021-04-30 00:15:02.609000,4203.701,4203.045,2250,2250
2021-04-30 00:15:05.769000,4203.558,4202.845,2250,3140
2021-04-30 00:15:05.820000,4203.555,4202.854,2250,2250
2021-04-30 00:15:12.858000,4203.758,4203.099,2250,2250
2021-04-30 00:15:14.536000,4203.655,4202.954,2250,3140
2021-04-30 00:15:14.586000,4203.649,4202.933,2250,2250
2021-04-30 00:15:14.681000,4203.501,4202.854,2250,3140
2021-04-30 00:15:14.732000,4203.555,4202.836,2250,2250
2021-04-30 00:15:25.440000,4203.201,4202.599,2250,3140
2021-04-30 00:15:25.491000,4203.261,4202.548,2250,2250
2021-04-30 00:15:41.279000,4203.046,4202.399,2250,3140
2021-04-30 00:15:41.329000,4203.055,4202.333,2250,2250
2021-04-30 00:16:00.243000,4203.066,4202.551,460,2250
2021-04-30 00:16:00.294000,4203.246,4202.599,2250,2250
2021-04-30 00:16:02.616000,4203.001,4202.354,2250,3140
2021-04-30 00:16:02.666000,4203.061,4202.342,2250,2250
2021-04-30 00:16:02.774000,4203.003,4202.448,460,2250
2021-04-30 00:16:02.825000,4203.149,4202.436,2250,2250
2021-04-30 00:16:02.935000,4203.064,4202.399,2250,3140
2021-04-30 00:16:02.985000,4203.046,4202.333,2250,2250
2021-04-30 00:16:07.679000,4203.252,4202.539,2250,2250
2021-04-30 00:16:14.160000,4203.26,4202.848,460,2250
2021-04-30 00:16:14.210000,4203.546,4202.845,2250,2250
2021-04-30 00:16:16.985000,4203.554,4202.999,460,2250
2021-04-30 00:16:17.035000,4203.658,4202.951,2250,2250
2021-04-30 00:16:17.145000,4203.546,4202.845,2250,3140
2021-04-30 00:16:17.195000,4203.549,4202.851,2250,2250
2021-04-30 00:16:18.515000,4203.548,4202.948,460,2250
2021-04-30 00:16:18.566000,4203.652,4202.936,2250,2250
2021-04-30 00:16:19.230000,4203.567,4202.836,2250,2250
2021-04-30 00:16:19.560000,4203.649,4202.951,2250,2250
2021-04-30 00:16:20.073000,4203.549,4202.899,2250,3140
2021-04-30 00:16:20.123000,4203.552,4202.836,2250,2250
2021-04-30 00:16:47.637000,4203.551,4203.033,460,2250
2021-04-30 00:16:47.687000,4203.755,4203.033,2250,2250
2021-04-30 00:16:55.260000,4203.501,4202.836,2250,3140
2021-04-30 00:16:55.310000,4203.558,4202.851,2250,2250
2021-04-30 00:17:02.330000,4203.503,4203.045,460,2250
2021-04-30 00:17:02.380000,4203.758,4203.042,2250,2250
2021-04-30 00:17:03.345000,4203.564,4202.839,2250,3140
2021-04-30 00:17:03.395000,4203.561,4202.854,2250,2250
2021-04-30 00:17:03.804000,4203.563,4203.042,460,2250
2021-04-30 00:17:03.854000,4203.755,4203.045,2250,2250
2021-04-30 00:17:04.537000,4203.601,4202.939,2250,3140
2021-04-30 00:17:04.587000,4203.664,4202.936,2250,2250
2021-04-30 00:17:07.108000,4203.546,4202.845,2250,3140
2021-04-30 00:17:07.158000,4203.555,4202.842,2250,2250
2021-04-30 00:17:09.429000,4203.56,4203.051,460,2250
2021-04-30 00:17:09.479000,4203.749,4203.045,2250,2250
2021-04-30 00:17:12.622000,4203.754,4203.239,460,2250
2021-04-30 00:17:12.672000,4203.958,4203.248,2250,2250
2021-04-30 00:17:12.782000,4203.948,4203.339,460,2250
2021-04-30 00:17:12.833000,4204.055,4203.354,2250,2250
2021-04-30 00:17:14.276000,4203.761,4203.033,2250,3140
2021-04-30 00:17:14.326000,4203.764,4203.033,2250,2250
2021-04-30 00:17:17.330000,4204.067,4203.333,2250,2250
2021-04-30 00:17:32.941000,4203.749,4203.039,2250,3140
2021-04-30 00:17:32.992000,4203.764,4203.033,2250,2250
2021-04-30 00:17:37.139000,4204.061,4203.339,2250,2250
2021-04-30 00:17:57.156000,4203.767,4203.033,2250,3140
2021-04-30 00:17:57.207000,4203.764,4203.045,2250,2250
2021-04-30 00:17:59.092000,4203.703,4203.342,460,2250
2021-04-30 00:17:59.142000,4204.067,4203.354,2250,2250
2021-04-30 00:18:03.575000,4204.054,4203.548,460,2250
2021-04-30 00:18:03.626000,4204.261,4203.533,2250,2250
2021-04-30 00:18:04.380000,4204.266,4203.899,460,2250
2021-04-30 00:18:04.430000,4204.555,4203.842,2250,2250
2021-04-30 00:18:14.251000,4204.264,4203.536,2250,3140
2021-04-30 00:18:14.302000,4204.255,4203.599,2250,2250
2021-04-30 00:18:26.481000,4204.257,4203.854,460,2250
2021-04-30 00:18:26.531000,4204.555,4203.845,2250,2250
2021-04-30 00:18:29.508000,4204.458,4203.739,2250,3140
2021-04-30 00:18:29.559000,4204.467,4203.754,2250,2250
2021-04-30 00:18:30.204000,4204.457,4203.854,460,2250
2021-04-30 00:18:30.255000,4204.558,4203.854,2250,2250
2021-04-30 00:18:41.747000,4204.255,4203.542,2250,2250
2021-04-30 00:18:45.372000,4204.203,4203.854,460,2250
2021-04-30 00:18:45.423000,4204.555,4203.851,2250,2250
2021-04-30 00:18:58.164000,4204.467,4203.751,2250,3140
2021-04-30 00:18:58.215000,4204.446,4203.739,2250,2250
2021-04-30 00:18:59.711000,4204.403,4203.848,460,2250
2021-04-30 00:18:59.761000,4204.552,4203.839,2250,2250
2021-04-30 00:19:00.668000,4204.264,4203.533,2250,3140
2021-04-30 00:19:00.718000,4204.201,4203.548,2250,2250
2021-04-30 00:19:09.415000,4204.064,4203.399,2250,3140
2021-04-30 00:19:09.465000,4204.049,4203.342,2250,2250
2021-04-30 00:19:16.217000,4203.955,4203.251,2250,3140
2021-04-30 00:19:16.267000,4203.958,4203.248,2250,2250
2021-04-30 00:19:16.378000,4203.761,4203.042,2250,3140
2021-04-30 00:19:16.428000,4203.761,4203.048,2250,2250
2021-04-30 00:19:16.700000,4203.76,4203.399,460,2250
2021-04-30 00:19:16.751000,4204.058,4203.351,2250,2250
2021-04-30 00:19:19.220000,4203.758,4203.051,2250,3140
2021-04-30 00:19:19.271000,4203.767,4203.099,2250,2250
2021-04-30 00:19:22.963000,4203.549,4202.851,2250,3140
2021-04-30 00:19:23.014000,4203.567,4202.851,2250,2250
2021-04-30 00:19:23.379000,4203.548,4203.045,460,2250
2021-04-30 00:19:23.430000,4203.752,4203.042,2250,2250
2021-04-30 00:19:24.025000,4203.549,4202.851,2250,3140
2021-04-30 00:19:24.076000,4203.552,4202.854,2250,2250
2021-04-30 00:19:33.306000,4203.503,4202.954,460,2250
2021-04-30 00:19:33.356000,4203.667,4202.954,2250,2250
2021-04-30 00:19:33.627000,4203.648,4203.054,460,2250
2021-04-30 00:19:33.678000,4203.764,4203.033,2250,2250
2021-04-30 00:19:34.185000,4203.561,4202.839,2250,3140
2021-04-30 00:19:34.235000,4203.549,4202.899,2250,2250
2021-04-30 00:19:34.723000,4203.551,4203.042,460,2250
2021-04-30 00:19:34.773000,4203.755,4203.045,2250,2250
2021-04-30 00:19:35.366000,4203.546,4202.833,2250,3140
2021-04-30 00:19:35.416000,4203.561,4202.842,2250,2250
2021-04-30 00:19:36.564000,4203.554,4203.048,460,2250
2021-04-30 00:19:36.614000,4203.701,4203.039,2250,2250
2021-04-30 00:19:36.718000,4203.601,4202.948,2250,3140
2021-04-30 00:19:36.768000,4203.664,4202.936,2250,2250
2021-04-30 00:19:37.241000,4203.669,4203.051,460,2250
2021-04-30 00:19:37.292000,4203.767,4203.039,2250,2250
2021-04-30 00:19:45.955000,4203.751,4203.248,460,2250
2021-04-30 00:19:46.005000,4203.952,4203.236,2250,2250
2021-04-30 00:19:46.122000,4203.951,4203.351,460,2250
2021-04-30 00:19:46.172000,4204.049,4203.351,2250,2250
2021-04-30 00:19:49.626000,4204.051,4203.548,460,2250
2021-04-30 00:19:49.677000,4204.249,4203.554,2250,2250
2021-04-30 00:19:59.496000,4204.263,4203.842,460,2250
2021-04-30 00:19:59.547000,4204.567,4203.833,2250,2250
2021-04-30 00:20:11.043000,4204.255,4203.548,2250,3140
2021-04-30 00:20:11.093000,4204.264,4203.551,2250,2250
2021-04-30 00:20:32.713000,4204.046,4203.348,2250,3140
2021-04-30 00:20:32.764000,4204.058,4203.354,2250,2250
2021-04-30 00:20:57.857000,4204.003,4203.554,460,2250
2021-04-30 00:20:57.907000,4204.249,4203.536,2250,2250
2021-04-30 00:20:58.451000,4204.064,4203.336,2250,3140
2021-04-30 00:20:58.501000,4204.052,4203.399,2250,2250
2021-04-30 00:21:13.737000,4203.761,4203.054,2250,3140
2021-04-30 00:21:13.787000,4203.761,4203.099,2250,2250
2021-04-30 00:21:14.578000,4203.748,4203.236,460,2250
2021-04-30 00:21:14.628000,4203.967,4203.299,2250,2250
2021-04-30 00:21:14.920000,4203.767,4203.054,2250,3140
2021-04-30 00:21:14.970000,4203.767,4203.036,2250,2250
2021-04-30 00:21:20.093000,4203.76,4203.339,460,2250
2021-04-30 00:21:20.144000,4204.052,4203.399,2250,2250
2021-04-30 00:21:33.100000,4204.057,4203.545,460,2250
2021-04-30 00:21:33.151000,4204.258,4203.536,2250,2250
2021-04-30 00:22:12.827000,4204.049,4203.342,2250,3140
2021-04-30 00:22:12.877000,4204.049,4203.399,2250,2250
2021-04-30 00:22:22.206000,4203.746,4203.099,2250,3140
2021-04-30 00:22:22.257000,4203.761,4203.045,2250,2250
2021-04-30 00:22:25.427000,4203.766,4203.351,460,2250
2021-04-30 00:22:25.478000,4204.046,4203.354,2250,2250
2021-04-30 00:22:42.406000,4204.054,4203.533,460,2250
2021-04-30 00:22:42.457000,4204.261,4203.554,2250,2250
2021-04-30 00:23:05.087000,4204.248,4203.848,460,2250
2021-04-30 00:23:05.137000,4204.555,4203.839,2250,2250
2021-04-30 00:23:06.783000,4204.557,4204.036,460,2250
2021-04-30 00:23:06.833000,4204.764,4204.036,2250,2250
2021-04-30 00:23:08.022000,4204.558,4203.839,2250,3140
2021-04-30 00:23:08.072000,4204.555,4203.839,2250,2250
2021-04-30 00:23:08.486000,4204.554,4204.099,460,2250
2021-04-30 00:23:08.536000,4204.767,4204.039,2250,2250
2021-04-30 00:23:19.334000,4204.749,4204.054,2250,3140
2021-04-30 00:23:19.384000,4204.958,4204.299,2250,2250
2021-04-30 00:23:19.494000,4204.903,4204.345,460,2250
2021-04-30 00:23:19.544000,4205.055,4204.354,2250,2250
2021-04-30 00:23:22.146000,4204.746,4204.054,2250,3140
2021-04-30 00:23:22.196000,4204.758,4204.045,2250,2250
2021-04-30 00:23:39.335000,4204.555,4203.848,2250,3140
2021-04-30 00:23:39.386000,4204.564,4203.854,2250,2250
2021-04-30 00:23:49.297000,4204.554,4203.939,460,2250
2021-04-30 00:23:49.347000,4204.646,4203.936,2250,2250
2021-04-30 00:23:49.761000,4204.663,4204.042,460,2250
2021-04-30 00:23:49.812000,4204.755,4204.048,2250,2250
2021-04-30 00:23:50.948000,4204.667,4203.999,2250,3140
2021-04-30 00:23:50.998000,4204.649,4203.942,2250,2250
2021-04-30 00:23:51.524000,4204.66,4204.054,460,2250
2021-04-30 00:23:51.575000,4204.764,4204.048,2250,2250
2021-04-30 00:23:52.034000,4204.646,4203.936,2250,3140
2021-04-30 00:23:52.084000,4204.661,4203.948,2250,2250
2021-04-30 00:23:52.524000,4204.66,4204.054,460,2250
2021-04-30 00:23:52.575000,4204.767,4204.054,2250,2250
2021-04-30 00:23:55.297000,4204.567,4203.842,2250,3140
2021-04-30 00:23:55.347000,4204.552,4203.842,2250,2250
2021-04-30 00:24:12.059000,4204.569,4204.042,460,2250
2021-04-30 00:24:12.110000,4204.767,4204.048,2250,2250
2021-04-30 00:24:12.543000,4204.667,4203.942,2250,3140
2021-04-30 00:24:12.594000,4204.664,4203.933,2250,2250
2021-04-30 00:24:13.327000,4204.651,4204.036,460,2250
2021-04-30 00:24:13.377000,4204.761,4204.045,2250,2250
2021-04-30 00:24:13.638000,4204.661,4203.939,2250,3140
2021-04-30 00:24:13.688000,4204.652,4203.933,2250,2250
2021-04-30 00:24:14.445000,4204.603,4204.045,460,2250
2021-04-30 00:24:14.496000,4204.749,4204.039,2250,2250
2021-04-30 00:24:14.612000,4204.546,4203.842,2250,3140
2021-04-30 00:24:14.663000,4204.552,4203.845,2250,2250
2021-04-30 00:24:15.174000,4204.557,4203.933,460,2250
2021-04-30 00:24:15.225000,4204.658,4203.942,2250,2250
2021-04-30 00:24:15.334000,4204.561,4203.854,2250,3140
2021-04-30 00:24:15.384000,4204.552,4203.839,2250,2250
2021-04-30 00:24:16.457000,4204.557,4203.942,460,2250
2021-04-30 00:24:16.508000,4204.664,4203.948,2250,2250
2021-04-30 00:24:17.067000,4204.669,4204.033,460,2250
2021-04-30 00:24:17.117000,4204.749,4204.048,2250,2250
2021-04-30 00:24:55.370000,4204.763,4204.339,460,2250
2021-04-30 00:24:55.421000,4205.049,4204.342,2250,2250
2021-04-30 00:25:03.008000,4204.749,4204.048,2250,3140
2021-04-30 00:25:03.058000,4204.758,4204.042,2250,2250
2021-04-30 00:25:12.136000,4204.763,4204.339,460,2250
2021-04-30 00:25:12.186000,4205.067,4204.342,2250,2250
2021-04-30 00:25:16.883000,4204.755,4204.048,2250,3140
2021-04-30 00:25:16.934000,4204.758,4204.048,2250,2250
2021-04-30 00:25:19.632000,4205.064,4204.336,2250,2250
2021-04-30 00:25:21.442000,4204.967,4204.245,2250,3140
2021-04-30 00:25:21.492000,4204.952,4204.248,2250,2250
2021-04-30 00:25:22.808000,4204.948,4204.354,460,2250
2021-04-30 00:25:22.858000,4205.067,4204.351,2250,2250
2021-04-30 00:25:23.744000,4204.746,4204.042,2250,3140
2021-04-30 00:25:23.794000,4204.701,4204.033,2250,2250
2021-04-30 00:25:48.834000,4204.549,4203.845,2250,3140
2021-04-30 00:25:48.885000,4204.558,4203.851,2250,2250
2021-04-30 00:25:51.239000,4204.569,4204.033,460,2250
2021-04-30 00:25:51.289000,4204.749,4204.054,2250,2250
2021-04-30 00:25:52.404000,4204.667,4203.951,2250,3140
2021-04-30 00:25:52.455000,4204.667,4203.939,2250,2250
2021-04-30 00:25:52.727000,4204.666,4204.045,460,2250
2021-04-30 00:25:52.777000,4204.746,4204.039,2250,2250
2021-04-30 00:26:10.466000,4204.655,4203.936,2250,2250
2021-04-30 00:26:11.126000,4204.558,4203.833,2250,3140
2021-04-30 00:26:11.177000,4204.549,4203.845,2250,2250
2021-04-30 00:26:14.896000,4204.255,4203.545,2250,3140
2021-04-30 00:26:14.946000,4204.261,4203.548,2250,2250
2021-04-30 00:26:16.134000,4204.254,4203.854,460,2250
2021-04-30 00:26:16.185000,4204.549,4203.833,2250,2250
2021-04-30 00:26:17.398000,4204.267,4203.536,2250,2250
2021-04-30 00:26:18.150000,4204.257,4203.836,460,2250
2021-04-30 00:26:18.201000,4204.501,4203.839,2250,2250
2021-04-30 00:26:19.491000,4204.264,4203.533,2250,3140
2021-04-30 00:26:19.541000,4204.246,4203.545,2250,2250
2021-04-30 00:26:24.698000,4204.203,4203.839,460,2250
2021-04-30 00:26:24.749000,4204.546,4203.836,2250,2250
2021-04-30 00:26:25.029000,4204.258,4203.533,2250,3140
2021-04-30 00:26:25.079000,4204.252,4203.551,2250,2250
2021-04-30 00:26:25.555000,4204.266,4203.836,460,2250
2021-04-30 00:26:25.606000,4204.501,4203.848,2250,2250
2021-04-30 00:26:25.872000,4204.449,4203.754,2250,3140
2021-04-30 00:26:25.922000,4204.452,4203.739,2250,2250
2021-04-30 00:26:26.094000,4204.255,4203.533,2250,3140
2021-04-30 00:26:26.145000,4204.249,4203.542,2250,2250
2021-04-30 00:26:26.974000,4204.567,4203.842,2250,2250
2021-04-30 00:26:33.182000,4204.255,4203.554,2250,3140
2021-04-30 00:26:33.233000,4204.201,4203.542,2250,2250
2021-04-30 00:26:33.964000,4204.248,4203.845,460,2250
2021-04-30 00:26:34.015000,4204.558,4203.839,2250,2250
2021-04-30 00:26:36.263000,4204.261,4203.551,2250,3140
2021-04-30 00:26:36.313000,4204.258,4203.554,2250,2250
2021-04-30 00:26:36.429000,4204.251,4203.839,460,2250
2021-04-30 00:26:36.479000,4204.567,4203.854,2250,2250
2021-04-30 00:26:37.782000,4204.255,4203.533,2250,3140
2021-04-30 00:26:37.833000,4204.267,4203.536,2250,2250
2021-04-30 00:27:03.021000,4204.164,4203.439,2250,3140
2021-04-30 00:27:03.071000,4204.167,4203.499,2250,2250
2021-04-30 00:27:03.184000,4204.061,4203.399,2250,3140
2021-04-30 00:27:03.235000,4204.055,4203.348,2250,2250
2021-04-30 00:27:19.020000,4204.003,4203.548,460,2250
2021-04-30 00:27:19.070000,4204.255,4203.536,2250,2250
2021-04-30 00:27:27.419000,4204.263,4203.836,460,2250
2021-04-30 00:27:27.469000,4204.561,4203.851,2250,2250
2021-04-30 00:27:41.613000,4204.566,4204.045,460,2250
2021-04-30 00:27:41.663000,4204.752,4204.045,2250,2250
2021-04-30 00:27:44.429000,4204.658,4203.936,2250,3140
2021-04-30 00:27:44.479000,4204.667,4203.951,2250,2250
2021-04-30 00:27:44.598000,4204.564,4203.851,2250,3140
2021-04-30 00:27:44.648000,4204.564,4203.851,2250,2250
2021-04-30 00:28:05.578000,4204.569,4204.036,460,2250
2021-04-30 00:28:05.629000,4204.752,4204.039,2250,2250
2021-04-30 00:28:07.242000,4204.555,4203.833,2250,2250
2021-04-30 00:28:08.192000,4204.557,4204.045,460,2250
2021-04-30 00:28:08.248000,4204.749,4204.051,2250,2250
2021-04-30 00:28:27.761000,4204.764,4204.039,2250,3140
2021-04-30 00:28:27.811000,4205.064,4204.336,2250,2250
2021-04-30 00:28:37.939000,4205.052,4204.342,2250,3140
2021-04-30 00:28:37.989000,4205.201,4204.545,2250,2250
2021-04-30 00:28:38.414000,4205.055,4204.345,2250,3140
2021-04-30 00:28:38.464000,4205.049,4204.336,2250,2250
2021-04-30 00:28:39.767000,4205.048,4204.548,460,2250
2021-04-30 00:28:39.818000,4205.267,4204.554,2250,2250
2021-04-30 00:28:46.388000,4205.203,4204.833,460,2250
2021-04-30 00:28:46.438000,4205.546,4204.833,2250,2250
2021-04-30 00:28:58.686000,4205.566,4205.039,460,2250
2021-04-30 00:28:58.737000,4205.764,4205.045,2250,2250
2021-04-30 00:29:05.773000,4206.067,4205.348,2250,2250
2021-04-30 00:29:06.049000,4205.752,4205.033,2250,3140
2021-04-30 00:29:06.099000,4205.761,4205.054,2250,2250
2021-04-30 00:29:06.207000,4205.766,4205.236,460,2250
2021-04-30 00:29:06.258000,4205.967,4205.242,2250,2250
2021-04-30 00:29:06.433000,4205.96,4205.339,460,2250
2021-04-30 00:29:06.483000,4206.064,4205.399,2250,2250
2021-04-30 00:29:08.923000,4206.051,4205.554,460,2250
2021-04-30 00:29:08.973000,4206.246,4205.554,2250,2250
2021-04-30 00:29:17.403000,4206.046,4205.399,2250,3140
2021-04-30 00:29:17.453000,4206.058,4205.333,2250,2250
2021-04-30 00:29:38.578000,4206.057,4205.554,460,2250
2021-04-30 00:29:38.629000,4206.201,4205.599,2250,2250
2021-04-30 00:29:38.904000,4206.001,4205.348,2250,3140
2021-04-30 00:29:38.955000,4206.001,4205.339,2250,2250
2021-04-30 00:29:40.614000,4206.048,4205.599,460,2250
2021-04-30 00:29:40.664000,4206.255,4205.548,2250,2250
2021-04-30 00:29:40.773000,4206.167,4205.442,2250,3140
2021-04-30 00:29:40.824000,4206.101,4205.445,2250,2250
2021-04-30 00:29:41.205000,4206.046,4205.336,2250,3140
2021-04-30 00:29:41.255000,4206.058,4205.348,2250,2250
2021-04-30 00:29:53.141000,4206.003,4205.551,460,2250
2021-04-30 00:29:53.191000,4206.261,4205.599,2250,2250
2021-04-30 00:29:57.030000,4206.254,4205.899,460,2250
2021-04-30 00:29:57.080000,4206.564,4205.851,2250,2250
2021-04-30 00:29:57.781000,4206.255,4205.554,2250,3140
2021-04-30 00:29:57.832000,4206.249,4205.533,2250,2250
2021-04-30 00:29:58.300000,4206.203,4205.833,460,2250
2021-04-30 00:29:58.350000,4206.555,4205.851,2250,2250
2021-04-30 00:29:58.841000,4206.458,4205.745,2250,3140
2021-04-30 00:29:58.891000,4206.467,4205.799,2250,2250
2021-04-30 00:29:59.001000,4206.258,4205.545,2250,3140
2021-04-30 00:29:59.052000,4206.201,4205.599,2250,2250
2021-04-30 00:30:05.710000,4206.064,4205.345,2250,3140
2021-04-30 00:30:05.760000,4206.046,4205.345,2250,2250
2021-04-30 00:30:07.041000,4206.054,4205.545,460,2250
2021-04-30 00:30:07.091000,4206.264,4205.554,2250,2250
2021-04-30 00:30:07.379000,4206.158,4205.436,2250,3140
2021-04-30 00:30:07.429000,4206.152,4205.442,2250,2250
2021-04-30 00:30:07.539000,4206.049,4205.354,2250,3140
2021-04-30 00:30:07.589000,4206.067,4205.336,2250,2250
2021-04-30 00:30:08.228000,4206.051,4205.454,460,2250
2021-04-30 00:30:08.278000,4206.155,4205.436,2250,2250
2021-04-30 00:30:08.605000,4206.058,4205.333,2250,3140
2021-04-30 00:30:08.655000,4206.046,4205.333,2250,2250
2021-04-30 00:30:12.550000,4205.761,4205.036,2250,3140
2021-04-30 00:30:12.601000,4205.752,4205.033,2250,2250
2021-04-30 00:30:16.421000,4205.763,4205.339,460,2250
2021-04-30 00:30:16.471000,4206.067,4205.348,2250,2250
2021-04-30 00:30:31.608000,4206.003,4205.599,460,2250
2021-04-30 00:30:31.658000,4206.252,4205.554,2250,2250
2021-04-30 00:30:33.628000,4206.049,4205.342,2250,3140
2021-04-30 00:30:33.678000,4206.061,4205.339,2250,2250
2021-04-30 00:30:54.503000,4205.746,4205.048,2250,3140
2021-04-30 00:30:54.553000,4205.755,4205.036,2250,2250
2021-04-30 00:30:57.085000,4205.757,4205.299,460,2250
2021-04-30 00:30:57.135000,4205.964,4205.254,2250,2250
2021-04-30 00:30:58.212000,4205.761,4205.051,2250,3140
2021-04-30 00:30:58.262000,4205.755,4205.039,2250,2250
2021-04-30 00:31:04.734000,4205.703,4205.351,460,2250
2021-04-30 00:31:04.784000,4206.061,4205.345,2250,2250
2021-04-30 00:31:07.253000,4205.758,4205.042,2250,2250
2021-04-30 00:31:09.298000,4205.769,4205.399,460,2250
2021-04-30 00:31:09.349000,4206.001,4205.345,2250,2250
2021-04-30 00:31:25.310000,4205.961,4205.236,2250,3140
2021-04-30 00:31:25.361000,4205.961,4205.233,2250,2250
2021-04-30 00:31:25.476000,4205.758,4205.045,2250,3140
2021-04-30 00:31:25.526000,4205.749,4205.099,2250,2250
2021-04-30 00:31:27.058000,4206.049,4205.345,2250,2250
2021-04-30 00:31:41.261000,4205.701,4205.045,2250,2250
2021-04-30 00:32:02.395000,4206.046,4205.339,2250,2250
2021-04-30 00:32:19.896000,4205.766,4205.333,460,2250
2021-04-30 00:32:19.946000,4205.755,4205.045,2250,2250
2021-04-30 00:32:55.419000,4205.748,4205.342,460,2250
2021-04-30 00:32:55.469000,4206.061,4205.351,2250,2250
2021-04-30 00:33:00.717000,4205.749,4205.039,2250,3140
2021-04-30 00:33:00.767000,4205.755,4205.033,2250,2250
2021-04-30 00:33:25.722000,4205.567,4204.854,2250,3140
2021-04-30 00:33:25.773000,4205.564,4204.842,2250,2250
2021-04-30 00:33:34.293000,4205.569,4205.048,460,2250
2021-04-30 00:33:34.343000,4205.752,4205.045,2250,2250
2021-04-30 00:33:55.293000,4205.561,4204.845,2250,2250
2021-04-30 00:33:58.862000,4205.554,4205.033,460,2250
2021-04-30 00:33:58.912000,4205.749,4205.039,2250,2250
2021-04-30 00:34:01.134000,4205.552,4204.842,2250,3140
2021-04-30 00:34:01.185000,4205.546,4204.839,2250,2250
2021-04-30 00:34:02.588000,4205.566,4205.099,460,2250
2021-04-30 00:34:02.639000,4205.755,4205.033,2250,2250
2021-04-30 00:34:04.388000,4205.558,4204.842,2250,3140
2021-04-30 00:34:04.442000,4205.564,4204.851,2250,2250
2021-04-30 00:34:07.055000,4205.548,4205.039,460,2250
2021-04-30 00:34:07.106000,4205.749,4205.051,2250,2250
2021-04-30 00:34:30.638000,4205.748,4205.399,460,2250
2021-04-30 00:34:30.689000,4206.067,4205.348,2250,2250
2021-04-30 00:34:35.806000,4205.761,4205.042,2250,3140
2021-04-30 00:34:35.856000,4205.749,4205.036,2250,2250
2021-04-30 00:35:01.246000,4205.567,4204.848,2250,3140
2021-04-30 00:35:01.296000,4205.567,4204.833,2250,2250
2021-04-30 00:35:09.296000,4205.246,4204.551,2250,3140
2021-04-30 00:35:09.347000,4205.201,4204.536,2250,2250
2021-04-30 00:35:17.390000,4205.001,4204.342,2250,3140
2021-04-30 00:35:17.440000,4205.049,4204.345,2250,2250
2021-04-30 00:35:22.703000,4205.063,4204.536,460,2250
2021-04-30 00:35:22.754000,4205.258,4204.554,2250,2250
2021-04-30 00:35:36.342000,4205.263,4204.748,460,2250
2021-04-30 00:35:36.392000,4205.461,4204.739,2250,2250
2021-04-30 00:35:37.656000,4205.463,4204.836,460,2250
2021-04-30 00:35:37.706000,4205.549,4204.833,2250,2250
2021-04-30 00:35:37.817000,4205.446,4204.739,2250,3140
2021-04-30 00:35:37.867000,4205.464,4204.739,2250,2250
2021-04-30 00:35:39.089000,4205.403,4204.845,460,2250
2021-04-30 00:35:39.139000,4205.546,4204.845,2250,2250
2021-04-30 00:35:47.219000,4205.563,4204.933,460,2250
2021-04-30 00:35:47.270000,4205.601,4204.939,2250,2250
2021-04-30 00:35:47.380000,4205.564,4204.839,2250,3140
2021-04-30 00:35:47.430000,4205.552,4204.836,2250,2250
2021-04-30 00:35:47.869000,4205.755,4205.051,2250,2250
2021-04-30 00:35:49.401000,4205.601,4204.951,2250,3140
2021-04-30 00:35:49.451000,4205.667,4204.936,2250,2250
2021-04-30 00:35:51.829000,4205.648,4205.099,460,2250
2021-04-30 00:35:51.880000,4205.758,4205.045,2250,2250
2021-04-30 00:36:35.440000,4205.564,4204.836,2250,3140
2021-04-30 00:36:35.491000,4205.546,4204.833,2250,2250
2021-04-30 00:36:35.602000,4205.557,4205.045,460,2250
2021-04-30 00:36:35.652000,4205.761,4205.099,2250,2250
2021-04-30 00:36:35.934000,4205.561,4204.845,2250,3140
2021-04-30 00:36:35.984000,4205.552,4204.845,2250,2250
2021-04-30 00:37:01.921000,4205.258,4204.533,2250,3140
2021-04-30 00:37:01.972000,4205.258,4204.599,2250,2250
2021-04-30 00:37:10.956000,4205.046,4204.354,2250,3140
2021-04-30 00:37:11.006000,4205.049,4204.333,2250,2250
2021-04-30 00:37:25.685000,4205.066,4204.536,460,2250
2021-04-30 00:37:25.735000,4205.201,4204.551,2250,2250
2021-04-30 00:37:48.171000,4205.064,4204.354,2250,3140
2021-04-30 00:37:48.221000,4205.055,4204.345,2250,2250
2021-04-30 00:38:00.904000,4204.749,4204.099,2250,3140
2021-04-30 00:38:00.954000,4204.761,4204.048,2250,2250
2021-04-30 00:38:10.630000,4204.754,4204.333,460,2250
2021-04-30 00:38:10.680000,4205.055,4204.336,2250,2250
2021-04-30 00:38:17.241000,4204.752,4204.048,2250,3140
2021-04-30 00:38:17.292000,4204.764,4204.048,2250,2250
2021-04-30 00:38:27.573000,4204.763,4204.399,460,2250
2021-04-30 00:38:27.624000,4205.064,4204.333,2250,2250
2021-04-30 00:38:43.233000,4204.764,4204.099,2250,3140
2021-04-30 00:38:43.283000,4204.749,4204.045,2250,2250
2021-04-30 00:38:51.651000,4204.748,4204.333,460,2250
2021-04-30 00:38:51.701000,4205.055,4204.336,2250,2250
2021-04-30 00:39:05.790000,4204.701,4204.045,2250,3140
2021-04-30 00:39:05.841000,4204.758,4204.036,2250,2250
2021-04-30 00:39:31.071000,4204.766,4204.333,460,2250
2021-04-30 00:39:31.121000,4205.055,4204.333,2250,2250
2021-04-30 00:39:52.014000,4205.057,4204.533,460,2250
2021-04-30 00:39:52.065000,4205.201,4204.554,2250,2250
2021-04-30 00:40:28.215000,4205.058,4204.348,2250,3140
2021-04-30 00:40:28.266000,4205.061,4204.354,2250,2250
2021-04-30 00:40:31.467000,4205.06,4204.848,460,2250
2021-04-30 00:40:31.517000,4205.564,4204.833,2250,2250
2021-04-30 00:40:32.810000,4205.249,4204.545,2250,3140
2021-04-30 00:40:32.861000,4205.255,4204.533,2250,2250
2021-04-30 00:40:39.731000,4205.257,4204.733,460,2250
2021-04-30 00:40:39.781000,4205.458,4204.745,2250,2250
2021-04-30 00:40:40.057000,4205.454,4204.848,460,2250
2021-04-30 00:40:40.108000,4205.555,4204.842,2250,2250
2021-04-30 00:40:49.290000,4205.201,4204.536,2250,3140
2021-04-30 00:40:49.341000,4205.267,4204.554,2250,2250
2021-04-30 00:40:53.556000,4205.558,4204.851,2250,2250
2021-04-30 00:41:02.508000,4205.566,4205.048,460,2250
2021-04-30 00:41:02.559000,4205.746,4205.099,2250,2250
2021-04-30 00:41:07.263000,4205.703,4205.351,460,2250
2021-04-30 00:41:07.317000,4206.049,4205.339,2250,2250
2021-04-30 00:41:23.673000,4205.755,4205.042,2250,3140
2021-04-30 00:41:23.723000,4205.752,4205.042,2250,2250
2021-04-30 00:42:18.146000,4205.757,4205.339,460,2250
2021-04-30 00:42:18.196000,4206.046,4205.354,2250,2250
2021-04-30 00:42:24.694000,4205.752,4205.051,2250,3140
2021-04-30 00:42:24.744000,4205.764,4205.045,2250,2250
2021-04-30 00:42:25.717000,4205.766,4205.351,460,2250
2021-04-30 00:42:25.767000,4206.049,4205.351,2250,2250
2021-04-30 00:42:30.942000,4205.758,4205.099,2250,2250
2021-04-30 00:42:31.060000,4205.766,4205.351,460,2250
2021-04-30 00:42:31.111000,4206.046,4205.336,2250,2250
2021-04-30 00:42:32.943000,4205.701,4205.099,2250,3140
2021-04-30 00:42:32.993000,4205.755,4205.051,2250,2250
2021-04-30 00:42:34.902000,4206.049,4205.354,2250,2250
2021-04-30 00:42:35.022000,4205.752,4205.033,2250,3140
2021-04-30 00:42:35.072000,4205.752,4205.045,2250,2250
2021-04-30 00:42:35.720000,4205.751,4205.399,460,2250
2021-04-30 00:42:35.771000,4206.001,4205.342,2250,2250
2021-04-30 00:42:38.326000,4205.755,4205.099,2250,3140
2021-04-30 00:42:38.376000,4205.752,4205.099,2250,2250
2021-04-30 00:42:39.952000,4205.751,4205.254,460,2250
2021-04-30 00:42:40.003000,4205.949,4205.236,2250,2250
2021-04-30 00:42:40.349000,4205.764,4205.051,2250,3140
2021-04-30 00:42:40.399000,4205.701,4205.033,2250,2250
2021-04-30 00:43:00.783000,4205.652,4204.942,2250,3140
2021-04-30 00:43:00.834000,4205.646,4204.942,2250,2250
2021-04-30 00:43:00.985000,4205.567,4204.833,2250,2250
2021-04-30 00:43:01.550000,4205.554,4205.048,460,2250
2021-04-30 00:43:01.601000,4205.701,4205.033,2250,2250
2021-04-30 00:43:05.330000,4205.666,4205.045,460,2250
2021-04-30 00:43:05.380000,4205.664,4204.999,2250,2250
2021-04-30 00:43:06.417000,4205.648,4205.045,460,2250
2021-04-30 00:43:06.467000,4205.746,4205.036,2250,2250
2021-04-30 00:43:15.121000,4205.655,4204.954,2250,3140
2021-04-30 00:43:15.171000,4205.649,4204.999,2250,2250
2021-04-30 00:43:16.259000,4205.564,4204.842,2250,3140
2021-04-30 00:43:16.310000,4205.558,4204.836,2250,2250
2021-04-30 00:43:18.191000,4205.563,4205.099,460,2250
2021-04-30 00:43:18.241000,4205.701,4205.033,2250,2250
2021-04-30 00:43:21.211000,4205.564,4204.836,2250,3140
2021-04-30 00:43:21.261000,4205.549,4204.833,2250,2250
2021-04-30 00:43:43.237000,4205.749,4205.042,2250,2250
2021-04-30 00:44:00.421000,4205.703,4205.336,460,2250
2021-04-30 00:44:00.471000,4206.049,4205.348,2250,2250
2021-04-30 00:44:23.033000,4205.755,4205.033,2250,3140
2021-04-30 00:44:23.083000,4205.764,4205.051,2250,2250
2021-04-30 00:44:57.810000,4205.763,4205.354,460,2250
2021-04-30 00:44:57.861000,4206.052,4205.333,2250,2250
2021-04-30 00:45:00.108000,4205.758,4205.036,2250,3140
2021-04-30 00:45:00.159000,4205.701,4205.033,2250,2250
2021-04-30 00:45:05.719000,4205.769,4205.351,460,2250
2021-04-30 00:45:05.770000,4206.049,4205.351,2250,2250
2021-04-30 00:45:10.404000,4205.758,4205.054,2250,3140
2021-04-30 00:45:10.454000,4205.749,4205.048,2250,2250
2021-04-30 00:45:12.939000,4205.751,4205.399,460,2250
2021-04-30 00:45:12.989000,4206.064,4205.345,2250,2250
2021-04-30 00:45:39.538000,4205.749,4205.048,2250,3140
2021-04-30 00:45:39.588000,4205.755,4205.033,2250,2250
2021-04-30 00:46:15.977000,4205.549,4204.899,2250,3140
2021-04-30 00:46:16.028000,4205.558,4204.854,2250,2250
2021-04-30 00:46:36.010000,4205.249,4204.548,2250,3140
2021-04-30 00:46:36.060000,4205.252,4204.533,2250,2250
2021-04-30 00:46:36.889000,4205.546,4204.842,2250,2250
2021-04-30 00:46:50.262000,4205.258,4204.599,2250,3140
2021-04-30 00:46:50.313000,4205.246,4204.554,2250,2250
2021-04-30 00:47:02.385000,4205.251,4204.842,460,2250
2021-04-30 00:47:02.435000,4205.501,4204.899,2250,2250
2021-04-30 00:47:25.752000,4205.264,4204.539,2250,3140
2021-04-30 00:47:25.803000,4205.264,4204.542,2250,2250
2021-04-30 00:47:40.710000,4205.067,4204.399,2250,3140
2021-04-30 00:47:40.761000,4205.061,4204.351,2250,2250
2021-04-30 00:47:50.395000,4205.069,4204.542,460,2250
2021-04-30 00:47:50.445000,4205.261,4204.599,2250,2250
2021-04-30 00:48:36.101000,4205.203,4204.899,460,2250
2021-04-30 00:48:36.151000,4205.555,4204.851,2250,2250
2021-04-30 00:48:38.067000,4205.252,4204.551,2250,3140
2021-04-30 00:48:38.117000,4205.255,4204.599,2250,2250
2021-04-30 00:48:40.612000,4205.046,4204.399,2250,3140
2021-04-30 00:48:40.662000,4205.058,4204.333,2250,2250
2021-04-30 00:48:51.582000,4205.246,4204.539,2250,2250
2021-04-30 00:49:15.362000,4205.26,4204.839,460,2250
2021-04-30 00:49:15.412000,4205.552,4204.854,2250,2250
2021-04-30 00:49:35.232000,4205.252,4204.551,2250,3140
2021-04-30 00:49:35.282000,4205.249,4204.548,2250,2250
2021-04-30 00:49:38.850000,4205.046,4204.351,2250,3140
2021-04-30 00:49:38.901000,4205.064,4204.333,2250,2250
2021-04-30 00:49:39.021000,4205.057,4204.436,460,2250
2021-04-30 00:49:39.072000,4205.167,4204.436,2250,2250
2021-04-30 00:49:39.610000,4205.055,4204.354,2250,3140
2021-04-30 00:49:39.661000,4205.046,4204.333,2250,2250
2021-04-30 00:49:48.686000,4205.267,4204.539,2250,2250
2021-04-30 00:50:43.157000,4205.052,4204.354,2250,2250
2021-04-30 00:50:54.393000,4205.051,4204.545,460,2250
2021-04-30 00:50:54.443000,4205.201,4204.554,2250,2250
2021-04-30 00:51:41.915000,4205.058,4204.354,2250,2250
2021-04-30 00:52:00.973000,4205.057,4204.533,460,2250
2021-04-30 00:52:01.024000,4205.249,4204.539,2250,2250
2021-04-30 00:52:03.432000,4205.263,4204.836,460,2250
2021-04-30 00:52:03.482000,4205.564,4204.848,2250,2250
2021-04-30 00:52:09.079000,4205.255,4204.548,2250,3140
2021-04-30 00:52:09.130000,4205.255,4204.536,2250,2250
2021-04-30 00:52:15.694000,4205.049,4204.336,2250,3140
2021-04-30 00:52:15.745000,4205.064,4204.342,2250,2250
2021-04-30 00:52:17.945000,4205.06,4204.548,460,2250
2021-04-30 00:52:17.995000,4205.252,4204.554,2250,2250
2021-04-30 00:52:20.732000,4205.001,4204.399,2250,3140
2021-04-30 00:52:20.782000,4205.046,4204.345,2250,2250
2021-04-30 00:53:15.144000,4204.767,4204.036,2250,3140
2021-04-30 00:53:15.194000,4204.755,4204.033,2250,2250
2021-04-30 00:53:24.138000,4204.763,4204.339,460,2250
2021-04-30 00:53:24.188000,4205.058,4204.342,2250,2250
2021-04-30 00:53:31.526000,4205.003,4204.551,460,2250
2021-04-30 00:53:31.576000,4205.252,4204.548,2250,2250
2021-04-30 00:53:32.704000,4205.055,4204.351,2250,3140
2021-04-30 00:53:32.755000,4205.055,4204.336,2250,2250
2021-04-30 00:53:33.764000,4205.051,4204.439,460,2250
2021-04-30 00:53:33.815000,4205.164,4204.454,2250,2250
2021-04-30 00:53:34.153000,4205.049,4204.342,2250,2250
2021-04-30 00:53:48.783000,4204.749,4204.099,2250,3140
2021-04-30 00:53:48.834000,4204.764,4204.054,2250,2250
2021-04-30 00:53:50.745000,4204.703,4204.245,460,2250
2021-04-30 00:53:50.795000,4204.949,4204.254,2250,2250
2021-04-30 00:53:51.237000,4204.954,4204.348,460,2250
2021-04-30 00:53:51.287000,4205.058,4204.351,2250,2250
2021-04-30 00:53:58.697000,4204.946,4204.242,2250,3140
2021-04-30 00:53:58.747000,4204.958,4204.254,2250,2250
2021-04-30 00:53:59.114000,4204.948,4204.345,460,2250
2021-04-30 00:53:59.165000,4205.055,4204.351,2250,2250
2021-04-30 00:54:03.807000,4205.048,4204.539,460,2250
2021-04-30 00:54:03.857000,4205.246,4204.533,2250,2250
2021-04-30 00:54:04.369000,4205.167,4204.448,2250,3140
2021-04-30 00:54:04.419000,4205.101,4204.436,2250,2250
2021-04-30 00:54:04.759000,4205.049,4204.336,2250,3140
2021-04-30 00:54:04.809000,4205.064,4204.399,2250,2250
2021-04-30 00:54:06.509000,4205.161,4204.439,2250,2250
2021-04-30 00:54:07.023000,4205.163,4204.533,460,2250
2021-04-30 00:54:07.073000,4205.264,4204.548,2250,2250
2021-04-30 00:54:08.208000,4205.046,4204.351,2250,3140
2021-04-30 00:54:08.258000,4205.064,4204.342,2250,2250
2021-04-30 00:54:44.867000,4204.746,4204.099,2250,3140
2021-04-30 00:54:44.918000,4204.746,4204.045,2250,2250
2021-04-30 00:55:01.039000,4204.766,4204.333,460,2250
2021-04-30 00:55:01.089000,4205.061,4204.399,2250,2250
2021-04-30 00:55:02.698000,4205.003,4204.551,460,2250
2021-04-30 00:55:02.749000,4205.264,4204.599,2250,2250
2021-04-30 00:55:05.198000,4205.052,4204.336,2250,3140
2021-04-30 00:55:05.248000,4205.064,4204.345,2250,2250
2021-04-30 00:55:16.741000,4204.767,4204.048,2250,3140
2021-04-30 00:55:16.791000,4204.764,4204.042,2250,2250
2021-04-30 00:55:29.903000,4204.649,4203.936,2250,3140
2021-04-30 00:55:29.954000,4204.652,4203.939,2250,2250
2021-04-30 00:55:30.071000,4204.603,4204.048,460,2250
2021-04-30 00:55:30.121000,4204.701,4204.036,2250,2250
2021-04-30 00:55:37.694000,4204.555,4203.839,2250,3140
2021-04-30 00:55:37.745000,4204.564,4203.839,2250,2250
2021-04-30 00:56:13.947000,4204.467,4203.739,2250,3140
2021-04-30 00:56:13.997000,4204.452,4203.736,2250,2250
2021-04-30 00:56:14.105000,4204.457,4203.899,460,2250
2021-04-30 00:56:14.156000,4204.555,4203.836,2250,2250
2021-04-30 00:56:21.078000,4204.267,4203.545,2250,3140
2021-04-30 00:56:21.129000,4204.249,4203.539,2250,2250
2021-04-30 00:56:21.249000,4204.058,4203.336,2250,3140
2021-04-30 00:56:21.300000,4204.049,4203.342,2250,2250
2021-04-30 00:56:21.992000,4204.066,4203.445,460,2250
2021-04-30 00:56:22.043000,4204.155,4203.451,2250,2250
2021-04-30 00:56:22.668000,4204.064,4203.345,2250,3140
2021-04-30 00:56:22.718000,4204.061,4203.345,2250,2250
2021-04-30 00:56:40.514000,4203.764,4203.039,2250,3140
2021-04-30 00:56:40.564000,4203.758,4203.039,2250,2250
2021-04-30 00:56:45.808000,4203.546,4202.836,2250,3140
2021-04-30 00:56:45.858000,4203.552,4202.848,2250,2250
2021-04-30 00:56:47.875000,4203.563,4203.051,460,2250
2021-04-30 00:56:47.926000,4203.701,4203.099,2250,2250
2021-04-30 00:57:20.316000,4203.249,4202.536,2250,3140
2021-04-30 00:57:20.366000,4203.261,4202.599,2250,2250
2021-04-30 00:57:28.776000,4203.254,4202.854,460,2250
2021-04-30 00:57:28.826000,4203.546,4202.899,2250,2250
2021-04-30 00:57:30.032000,4203.201,4202.539,2250,3140
2021-04-30 00:57:30.082000,4203.261,4202.545,2250,2250
2021-04-30 00:57:30.859000,4203.269,4202.842,460,2250
2021-04-30 00:57:30.910000,4203.555,4202.899,2250,2250
2021-04-30 00:58:03.389000,4203.452,4202.745,2250,3140
2021-04-30 00:58:03.440000,4203.452,4202.733,2250,2250
2021-04-30 00:58:03.551000,4203.201,4202.536,2250,3140
2021-04-30 00:58:03.601000,4203.255,4202.533,2250,2250
2021-04-30 00:58:03.714000,4203.251,4202.748,460,2250
2021-04-30 00:58:03.764000,4203.464,4202.799,2250,2250
2021-04-30 00:58:04.033000,4203.403,4202.836,460,2250
2021-04-30 00:58:04.083000,4203.564,4202.854,2250,2250
2021-04-30 00:58:13.214000,4203.551,4203.036,460,2250
2021-04-30 00:58:13.264000,4203.746,4203.051,2250,2250
2021-04-30 00:58:15.211000,4203.667,4202.936,2250,3140
2021-04-30 00:58:15.261000,4203.664,4202.951,2250,2250
2021-04-30 00:58:15.625000,4203.669,4203.099,460,2250
2021-04-30 00:58:15.675000,4203.758,4203.033,2250,2250
2021-04-30 00:58:18.095000,4203.549,4202.833,2250,3140
2021-04-30 00:58:18.146000,4203.549,4202.848,2250,2250
2021-04-30 00:58:27.111000,4203.503,4203.042,460,2250
2021-04-30 00:58:27.161000,4203.701,4203.054,2250,2250
2021-04-30 00:59:02.608000,4204.001,4203.399,2250,2250
2021-04-30 00:59:08.672000,4204.054,4203.554,460,2250
2021-04-30 00:59:08.722000,4204.258,4203.533,2250,2250
2021-04-30 00:59:26.105000,4204.067,4203.399,2250,3140
2021-04-30 00:59:26.155000,4204.067,4203.342,2250,2250
2021-04-30 00:59:43.536000,4203.758,4203.039,2250,2250
