2021-04-05 00:00:00.719000,4042.801,4042.331,300,890
2021-04-05 00:00:00.769000,4043.061,4042.354,2250,2250
2021-04-05 00:00:01.079000,4042.855,4042.346,300,890
2021-04-05 00:00:01.129000,4042.867,4042.145,2250,2250
2021-04-05 00:00:06.713000,4042.56,4042.148,1,2250
2021-04-05 00:00:06.763000,4042.501,4041.839,2250,2250
2021-04-05 00:00:10.398000,4042.346,4041.84,300,890
2021-04-05 00:00:10.449000,4042.301,4041.651,2250,2250
2021-04-05 00:00:11.838000,4042.351,4041.848,1,2250
2021-04-05 00:00:11.889000,4042.567,4041.839,2250,2250
2021-04-05 00:00:12.006000,4042.361,4041.831,300,890
2021-04-05 00:00:12.056000,4042.364,4041.699,2250,2250
2021-04-05 00:00:14.148000,4042.258,4041.64,300,890
2021-04-05 00:00:14.198000,4042.252,4041.554,2250,2250
2021-04-05 00:00:14.618000,4042.049,4041.537,300,890
2021-04-05 00:00:14.668000,4042.067,4041.342,2250,2250
2021-04-05 00:00:14.786000,4042.069,4041.636,1,2250
2021-04-05 00:00:14.836000,4042.352,4041.654,2250,2250
2021-04-05 00:00:15.105000,4042.061,4041.643,300,890
2021-04-05 00:00:15.155000,4042.046,4041.333,2250,2250
2021-04-05 00:00:19.496000,4041.864,4041.334,300,890
2021-04-05 00:00:19.546000,4041.858,4041.199,2250,2250
2021-04-05 00:00:21.698000,4041.761,4041.152,300,890
2021-04-05 00:00:21.748000,4041.749,4041.054,2250,2250
2021-04-05 00:00:21.858000,4041.703,4041.139,1,2250
2021-04-05 00:00:21.908000,4041.858,4041.154,2250,2250
2021-04-05 00:00:22.498000,4041.752,4041.149,300,890
2021-04-05 00:00:22.548000,4041.767,4041.036,2250,2250
2021-04-05 00:00:22.817000,4041.748,4041.145,1,2250
2021-04-05 00:00:22.868000,4041.858,4041.142,2250,2250
2021-04-05 00:00:23.138000,4041.763,4041.142,1,2250
2021-04-05 00:00:23.189000,4041.749,4041.048,2250,2250
2021-04-05 00:00:23.443000,4041.849,4041.145,2250,2250
2021-04-05 00:00:26.494000,4041.501,4041.149,300,890
2021-04-05 00:00:26.545000,4041.564,4040.854,2250,2250
2021-04-05 00:00:28.079000,4041.358,4040.843,300,890
2021-04-05 00:00:28.130000,4041.358,4040.642,2250,2250
2021-04-05 00:00:28.835000,4041.36,4040.833,1,2250
2021-04-05 00:00:28.885000,4041.501,4040.854,2250,2250
2021-04-05 00:00:30.245000,4041.346,4040.831,300,890
2021-04-05 00:00:30.295000,4041.301,4040.636,2250,2250
2021-04-05 00:00:30.403000,4041.357,4040.842,1,2250
2021-04-05 00:00:30.453000,4041.546,4040.833,2250,2250
2021-04-05 00:00:33.932000,4041.56,4041.148,1,2250
2021-04-05 00:00:33.983000,4041.858,4041.148,2250,2250
2021-04-05 00:00:36.588000,4041.857,4041.333,1,2250
2021-04-05 00:00:36.665000,4042.052,4041.354,2250,2250
2021-04-05 00:00:36.911000,4042.064,4041.649,300,890
2021-04-05 00:00:36.962000,4042.301,4041.648,2250,2250
2021-04-05 00:00:37.229000,4042.067,4041.64,300,890
2021-04-05 00:00:37.280000,4042.058,4041.345,2250,2250
2021-04-05 00:00:37.550000,4042.048,4041.648,1,2250
2021-04-05 00:00:37.600000,4042.358,4041.648,2250,2250
2021-04-05 00:00:40.891000,4042.349,4041.897,300,890
2021-04-05 00:00:40.942000,4042.555,4041.833,2250,2250
2021-04-05 00:00:48.099000,4042.355,4041.897,300,890
2021-04-05 00:00:48.149000,4042.346,4041.633,2250,2250
2021-04-05 00:00:53.724000,4042.366,4041.854,1,2250
2021-04-05 00:00:53.774000,4042.546,4041.833,2250,2250
2021-04-05 00:00:54.575000,4042.401,4041.837,300,890
2021-04-05 00:00:54.625000,4042.467,4041.748,2250,2250
2021-04-05 00:00:54.843000,4042.301,4041.743,300,890
2021-04-05 00:00:54.893000,4042.301,4041.642,2250,2250
2021-04-05 00:00:59.354000,4042.348,4041.739,1,2250
2021-04-05 00:00:59.404000,4042.455,4041.754,2250,2250
2021-04-05 00:00:59.515000,4042.451,4041.839,1,2250
2021-04-05 00:00:59.566000,4042.546,4041.833,2250,2250
2021-04-05 00:00:59.683000,4042.401,4041.846,300,890
2021-04-05 00:00:59.734000,4042.461,4041.739,2250,2250
2021-04-05 00:00:59.835000,4042.469,4041.848,1,2250
2021-04-05 00:00:59.885000,4042.564,4041.833,2250,2250
2021-04-05 00:01:01.754000,4042.551,4042.142,1,2250
2021-04-05 00:01:01.804000,4042.858,4042.151,2250,2250
2021-04-05 00:01:02.715000,4042.546,4042.143,300,890
2021-04-05 00:01:02.765000,4042.558,4041.839,2250,2250
2021-04-05 00:01:03.837000,4042.355,4041.897,300,890
2021-04-05 00:01:03.887000,4042.364,4041.651,2250,2250
2021-04-05 00:01:04.885000,4042.354,4041.745,1,2250
2021-04-05 00:01:04.936000,4042.464,4041.748,2250,2250
2021-04-05 00:01:05.085000,4042.352,4041.734,300,890
2021-04-05 00:01:05.135000,4042.367,4041.636,2250,2250
2021-04-05 00:01:05.700000,4042.357,4041.848,1,2250
2021-04-05 00:01:05.751000,4042.561,4041.854,2250,2250
2021-04-05 00:01:06.342000,4042.358,4041.843,300,890
2021-04-05 00:01:06.392000,4042.355,4041.642,2250,2250
2021-04-05 00:01:06.865000,4042.348,4041.899,1,2250
2021-04-05 00:01:06.916000,4042.567,4041.842,2250,2250
2021-04-05 00:01:07.423000,4042.361,4041.846,300,890
2021-04-05 00:01:07.473000,4042.355,4041.651,2250,2250
2021-04-05 00:01:10.923000,4042.052,4041.64,300,890
2021-04-05 00:01:10.974000,4042.058,4041.333,2250,2250
2021-04-05 00:01:11.889000,4042.066,4041.699,1,2250
2021-04-05 00:01:11.939000,4042.349,4041.639,2250,2250
2021-04-05 00:01:12.206000,4042.246,4041.637,300,890
2021-04-05 00:01:12.256000,4042.261,4041.554,2250,2250
2021-04-05 00:01:12.367000,4042.064,4041.54,300,890
2021-04-05 00:01:12.417000,4042.067,4041.348,2250,2250
2021-04-05 00:01:12.694000,4042.063,4041.539,1,2250
2021-04-05 00:01:12.745000,4042.246,4041.548,2250,2250
2021-04-05 00:01:12.902000,4042.001,4041.531,300,890
2021-04-05 00:01:12.952000,4042.049,4041.348,2250,2250
2021-04-05 00:01:21.528000,4041.855,4041.343,300,890
2021-04-05 00:01:21.578000,4041.849,4041.139,2250,2250
2021-04-05 00:01:26.180000,4041.803,4041.336,1,2250
2021-04-05 00:01:26.230000,4042.046,4041.339,2250,2250
2021-04-05 00:01:26.339000,4041.967,4041.397,300,890
2021-04-05 00:01:26.389000,4041.946,4041.242,2250,2250
2021-04-05 00:01:26.497000,4041.855,4041.297,300,890
2021-04-05 00:01:26.548000,4041.849,4041.151,2250,2250
2021-04-05 00:01:26.980000,4041.869,4041.348,1,2250
2021-04-05 00:01:27.030000,4042.049,4041.342,2250,2250
2021-04-05 00:01:29.309000,4041.858,4041.334,300,890
2021-04-05 00:01:29.359000,4041.855,4041.154,2250,2250
2021-04-05 00:01:30.280000,4041.561,4041.134,300,890
2021-04-05 00:01:30.331000,4041.501,4040.833,2250,2250
2021-04-05 00:01:48.902000,4041.56,4041.139,1,2250
2021-04-05 00:01:48.952000,4041.846,4041.136,2250,2250
2021-04-05 00:01:49.063000,4041.558,4041.149,300,890
2021-04-05 00:01:49.113000,4041.552,4040.899,2250,2250
2021-04-05 00:01:51.504000,4041.455,4040.831,300,890
2021-04-05 00:01:51.554000,4041.401,4040.754,2250,2250
2021-04-05 00:01:51.707000,4041.346,4040.734,300,890
2021-04-05 00:01:51.758000,4041.364,4040.654,2250,2250
2021-04-05 00:01:51.864000,4041.354,4040.754,1,2250
2021-04-05 00:01:51.914000,4041.467,4040.754,2250,2250
2021-04-05 00:01:52.032000,4041.346,4040.737,300,890
2021-04-05 00:01:52.083000,4041.355,4040.648,2250,2250
2021-04-05 00:01:52.343000,4041.303,4040.736,1,2250
2021-04-05 00:01:52.394000,4041.461,4040.745,2250,2250
2021-04-05 00:01:53.003000,4041.352,4040.731,300,890
2021-04-05 00:01:53.053000,4041.364,4040.633,2250,2250
2021-04-05 00:02:01.038000,4041.348,4040.842,1,2250
2021-04-05 00:02:01.089000,4041.564,4040.851,2250,2250
2021-04-05 00:02:04.313000,4041.346,4040.843,300,890
2021-04-05 00:02:04.364000,4041.352,4040.648,2250,2250
2021-04-05 00:02:07.072000,4041.067,4040.652,300,890
2021-04-05 00:02:07.122000,4041.046,4040.348,2250,2250
2021-04-05 00:02:07.584000,4041.003,4040.633,1,2250
2021-04-05 00:02:07.634000,4041.358,4040.633,2250,2250
2021-04-05 00:02:08.125000,4041.351,4040.899,1,2250
2021-04-05 00:02:08.175000,4041.567,4040.833,2250,2250
2021-04-05 00:02:08.284000,4041.361,4040.849,300,890
2021-04-05 00:02:08.335000,4041.364,4040.639,2250,2250
2021-04-05 00:02:13.576000,4041.301,4040.743,300,890
2021-04-05 00:02:13.626000,4041.446,4040.742,2250,2250
2021-04-05 00:02:13.902000,4041.364,4040.74,300,890
2021-04-05 00:02:13.953000,4041.361,4040.642,2250,2250
2021-04-05 00:02:14.542000,4041.36,4040.836,1,2250
2021-04-05 00:02:14.592000,4041.555,4040.839,2250,2250
2021-04-05 00:02:27.868000,4041.355,4040.831,300,890
2021-04-05 00:02:27.918000,4041.358,4040.651,2250,2250
2021-04-05 00:02:31.917000,4041.06,4040.648,1,2250
2021-04-05 00:02:31.967000,4041.055,4040.345,2250,2250
2021-04-05 00:02:45.880000,4041.058,4040.643,300,890
2021-04-05 00:02:45.930000,4041.367,4040.699,2250,2250
2021-04-05 00:02:48.989000,4041.354,4040.845,1,2250
2021-04-05 00:02:49.039000,4041.555,4040.839,2250,2250
2021-04-05 00:02:50.284000,4041.367,4040.849,300,890
2021-04-05 00:02:50.335000,4041.349,4040.636,2250,2250
2021-04-05 00:03:04.645000,4041.067,4040.634,300,890
2021-04-05 00:03:04.695000,4041.001,4040.342,2250,2250
2021-04-05 00:03:09.123000,4040.803,4040.333,1,2250
2021-04-05 00:03:09.173000,4040.867,4040.154,2250,2250
2021-04-05 00:03:11.071000,4040.857,4040.248,1,2250
2021-04-05 00:03:11.121000,4040.964,4040.239,2250,2250
2021-04-05 00:03:11.242000,4040.966,4040.345,1,2250
2021-04-05 00:03:11.292000,4041.055,4040.345,2250,2250
2021-04-05 00:03:12.350000,4041.051,4040.633,1,2250
2021-04-05 00:03:12.401000,4041.358,4040.639,2250,2250
2021-04-05 00:03:19.005000,4041.049,4040.652,300,890
2021-04-05 00:03:19.055000,4041.001,4040.339,2250,2250
2021-04-05 00:03:44.999000,4041.048,4040.639,1,2250
2021-04-05 00:03:45.049000,4041.352,4040.654,2250,2250
2021-04-05 00:03:47.716000,4041.001,4040.649,300,890
2021-04-05 00:03:47.767000,4041.052,4040.336,2250,2250
2021-04-05 00:03:49.692000,4041.048,4040.636,1,2250
2021-04-05 00:03:49.742000,4041.367,4040.636,2250,2250
2021-04-05 00:03:50.017000,4041.266,4040.648,1,2250
2021-04-05 00:03:50.068000,4041.267,4040.554,2250,2250
2021-04-05 00:03:50.337000,4041.064,4040.546,300,890
2021-04-05 00:03:50.387000,4041.058,4040.336,2250,2250
2021-04-05 00:03:54.119000,4041.063,4040.551,1,2250
2021-04-05 00:03:54.170000,4041.264,4040.542,2250,2250
2021-04-05 00:03:54.285000,4041.263,4040.633,1,2250
2021-04-05 00:03:54.336000,4041.361,4040.654,2250,2250
2021-04-05 00:03:56.015000,4041.258,4040.652,300,890
2021-04-05 00:03:56.065000,4041.201,4040.599,2250,2250
2021-04-05 00:03:56.563000,4041.067,4040.54,300,890
2021-04-05 00:03:56.613000,4041.055,4040.399,2250,2250
2021-04-05 00:03:58.991000,4041.051,4040.651,1,2250
2021-04-05 00:03:59.042000,4041.346,4040.645,2250,2250
2021-04-05 00:04:00.123000,4041.046,4040.652,300,890
2021-04-05 00:04:00.174000,4041.067,4040.345,2250,2250
2021-04-05 00:04:02.047000,4041.054,4040.645,1,2250
2021-04-05 00:04:02.097000,4041.301,4040.636,2250,2250
2021-04-05 00:04:02.206000,4041.261,4040.652,300,890
2021-04-05 00:04:02.257000,4041.249,4040.554,2250,2250
2021-04-05 00:04:02.402000,4041.049,4040.534,300,890
2021-04-05 00:04:02.453000,4041.067,4040.354,2250,2250
2021-04-05 00:04:03.314000,4041.051,4040.545,1,2250
2021-04-05 00:04:03.365000,4041.252,4040.599,2250,2250
2021-04-05 00:04:03.474000,4041.058,4040.546,300,890
2021-04-05 00:04:03.524000,4041.058,4040.351,2250,2250
2021-04-05 00:04:03.822000,4041.255,4040.551,2250,2250
2021-04-05 00:04:04.717000,4041.001,4040.552,300,890
2021-04-05 00:04:04.767000,4041.046,4040.399,2250,2250
2021-04-05 00:04:16.755000,4041.003,4040.642,1,2250
2021-04-05 00:04:16.805000,4041.355,4040.648,2250,2250
2021-04-05 00:04:31.077000,4041.303,4040.845,1,2250
2021-04-05 00:04:31.127000,4041.501,4040.899,2250,2250
2021-04-05 00:04:35.652000,4041.861,4041.145,2250,2250
2021-04-05 00:04:35.811000,4041.764,4041.134,300,890
2021-04-05 00:04:35.861000,4041.755,4041.042,2250,2250
2021-04-05 00:04:35.977000,4041.769,4041.145,1,2250
2021-04-05 00:04:36.027000,4041.855,4041.151,2250,2250
2021-04-05 00:04:36.292000,4041.552,4041.143,300,890
2021-04-05 00:04:36.342000,4041.558,4040.851,2250,2250
2021-04-05 00:04:45.665000,4041.569,4041.142,1,2250
2021-04-05 00:04:45.716000,4041.846,4041.199,2250,2250
2021-04-05 00:04:47.480000,4041.752,4041.197,300,890
2021-04-05 00:04:47.530000,4041.761,4041.051,2250,2250
2021-04-05 00:04:48.031000,4041.748,4041.133,1,2250
2021-04-05 00:04:48.081000,4041.861,4041.145,2250,2250
2021-04-05 00:04:55.141000,4041.854,4041.348,1,2250
2021-04-05 00:04:55.191000,4042.046,4041.399,2250,2250
2021-04-05 00:04:59.510000,4042.054,4041.642,1,2250
2021-04-05 00:04:59.561000,4042.358,4041.633,2250,2250
2021-04-05 00:05:06.587000,4042.261,4041.637,300,890
2021-04-05 00:05:06.638000,4042.249,4041.554,2250,2250
2021-04-05 00:05:06.747000,4042.052,4041.531,300,890
2021-04-05 00:05:06.797000,4042.061,4041.345,2250,2250
2021-04-05 00:05:07.661000,4042.051,4041.642,1,2250
2021-04-05 00:05:07.711000,4042.364,4041.654,2250,2250
2021-04-05 00:05:09.782000,4042.549,4041.845,2250,2250
2021-04-05 00:05:10.422000,4042.449,4041.897,300,890
2021-04-05 00:05:10.472000,4042.401,4041.754,2250,2250
2021-04-05 00:05:10.582000,4042.367,4041.734,300,890
2021-04-05 00:05:10.633000,4042.367,4041.651,2250,2250
2021-04-05 00:05:11.063000,4042.36,4041.742,1,2250
2021-04-05 00:05:11.114000,4042.452,4041.748,2250,2250
2021-04-05 00:05:11.222000,4042.349,4041.74,300,890
2021-04-05 00:05:11.272000,4042.352,4041.699,2250,2250
2021-04-05 00:05:11.551000,4042.351,4041.833,1,2250
2021-04-05 00:05:11.601000,4042.561,4041.836,2250,2250
2021-04-05 00:05:11.705000,4042.358,4041.897,300,890
2021-04-05 00:05:11.756000,4042.364,4041.651,2250,2250
2021-04-05 00:05:22.411000,4042.346,4041.831,300,890
2021-04-05 00:05:22.461000,4042.546,4041.851,2250,2250
2021-04-05 00:05:24.190000,4042.355,4041.84,300,890
2021-04-05 00:05:24.240000,4042.358,4041.648,2250,2250
2021-04-05 00:05:38.653000,4042.348,4041.851,1,2250
2021-04-05 00:05:38.703000,4042.555,4041.854,2250,2250
2021-04-05 00:05:39.376000,4042.301,4041.837,300,890
2021-04-05 00:05:39.426000,4042.355,4041.642,2250,2250
2021-04-05 00:05:41.678000,4042.564,4041.899,2250,2250
2021-04-05 00:05:42.547000,4042.358,4041.84,300,890
2021-04-05 00:05:42.598000,4042.349,4041.639,2250,2250
2021-04-05 00:05:45.770000,4042.363,4041.851,1,2250
2021-04-05 00:05:45.821000,4042.558,4041.854,2250,2250
2021-04-05 00:05:46.521000,4042.367,4041.84,300,890
2021-04-05 00:05:46.572000,4042.358,4041.642,2250,2250
2021-04-05 00:05:51.146000,4042.369,4041.854,1,2250
2021-04-05 00:05:51.197000,4042.501,4041.839,2250,2250
2021-04-05 00:05:55.843000,4042.358,4041.834,300,890
2021-04-05 00:05:55.894000,4042.301,4041.633,2250,2250
2021-04-05 00:06:01.655000,4042.361,4041.849,300,890
2021-04-05 00:06:01.708000,4042.552,4041.845,2250,2250
2021-04-05 00:06:03.015000,4042.554,4042.151,1,2250
2021-04-05 00:06:03.065000,4042.846,4042.139,2250,2250
2021-04-05 00:06:03.180000,4042.854,4042.333,1,2250
2021-04-05 00:06:03.230000,4043.055,4042.354,2250,2250
2021-04-05 00:06:09.394000,4042.801,4042.352,300,890
2021-04-05 00:06:09.444000,4042.852,4042.148,2250,2250
2021-04-05 00:06:09.903000,4042.851,4042.339,1,2250
2021-04-05 00:06:09.954000,4043.055,4042.399,2250,2250
2021-04-05 00:06:19.998000,4042.855,4042.343,300,890
2021-04-05 00:06:20.048000,4042.864,4042.148,2250,2250
2021-04-05 00:06:22.682000,4042.554,4042.151,1,2250
2021-04-05 00:06:22.733000,4042.501,4041.836,2250,2250
2021-04-05 00:06:23.637000,4042.503,4042.048,1,2250
2021-04-05 00:06:23.687000,4042.749,4042.036,2250,2250
2021-04-05 00:06:23.815000,4042.564,4042.097,300,890
2021-04-05 00:06:23.866000,4042.558,4041.833,2250,2250
2021-04-05 00:06:24.289000,4042.557,4042.045,1,2250
2021-04-05 00:06:24.339000,4042.752,4042.042,2250,2250
2021-04-05 00:06:24.772000,4042.769,4042.199,1,2250
2021-04-05 00:06:24.822000,4042.861,4042.151,2250,2250
2021-04-05 00:06:29.094000,4042.857,4042.339,1,2250
2021-04-05 00:06:29.144000,4043.052,4042.348,2250,2250
2021-04-05 00:06:29.573000,4042.861,4042.334,300,890
2021-04-05 00:06:29.623000,4042.801,4042.139,2250,2250
2021-04-05 00:06:42.606000,4042.752,4042.146,300,890
2021-04-05 00:06:42.656000,4042.767,4042.033,2250,2250
2021-04-05 00:06:42.904000,4042.764,4042.137,300,890
2021-04-05 00:06:42.954000,4042.849,4042.142,2250,2250
2021-04-05 00:06:46.612000,4042.549,4042.143,300,890
2021-04-05 00:06:46.663000,4042.555,4041.848,2250,2250
2021-04-05 00:06:49.826000,4042.563,4042.051,1,2250
2021-04-05 00:06:49.876000,4042.758,4042.033,2250,2250
2021-04-05 00:06:50.076000,4042.554,4042.048,1,2250
2021-04-05 00:06:50.126000,4042.558,4041.899,2250,2250
2021-04-05 00:06:52.571000,4042.503,4042.151,1,2250
2021-04-05 00:06:52.622000,4042.852,4042.145,2250,2250
2021-04-05 00:06:53.513000,4042.549,4042.152,300,890
2021-04-05 00:06:53.564000,4042.567,4041.848,2250,2250
2021-04-05 00:06:53.833000,4042.563,4042.048,1,2250
2021-04-05 00:06:53.884000,4042.701,4042.051,2250,2250
2021-04-05 00:06:54.184000,4042.558,4042.046,300,890
2021-04-05 00:06:54.234000,4042.558,4041.854,2250,2250
2021-04-05 00:06:55.233000,4042.548,4042.036,1,2250
2021-04-05 00:06:55.284000,4042.755,4042.042,2250,2250
2021-04-05 00:06:55.651000,4042.567,4042.097,300,890
2021-04-05 00:06:55.702000,4042.558,4041.899,2250,2250
2021-04-05 00:07:00.134000,4042.566,4042.136,1,2250
2021-04-05 00:07:00.185000,4042.846,4042.151,2250,2250
2021-04-05 00:07:00.296000,4042.561,4042.146,300,890
2021-04-05 00:07:00.346000,4042.552,4041.842,2250,2250
2021-04-05 00:07:27.972000,4042.548,4042.036,1,2250
2021-04-05 00:07:28.023000,4042.701,4042.099,2250,2250
2021-04-05 00:07:28.134000,4042.552,4042.031,300,890
2021-04-05 00:07:28.184000,4042.558,4041.848,2250,2250
2021-04-05 00:07:40.238000,4042.301,4041.849,300,890
2021-04-05 00:07:40.288000,4042.301,4041.648,2250,2250
2021-04-05 00:07:53.866000,4042.061,4041.643,300,890
2021-04-05 00:07:53.916000,4042.049,4041.348,2250,2250
2021-04-05 00:07:56.053000,4041.849,4041.337,300,890
2021-04-05 00:07:56.103000,4041.849,4041.142,2250,2250
2021-04-05 00:07:56.362000,4041.851,4041.339,1,2250
2021-04-05 00:07:56.412000,4042.001,4041.336,2250,2250
2021-04-05 00:07:59.160000,4041.858,4041.343,300,890
2021-04-05 00:07:59.210000,4041.864,4041.142,2250,2250
2021-04-05 00:08:07.026000,4041.857,4041.399,1,2250
2021-04-05 00:08:07.076000,4042.001,4041.333,2250,2250
2021-04-05 00:08:07.342000,4041.867,4041.34,300,890
2021-04-05 00:08:07.393000,4041.852,4041.199,2250,2250
2021-04-05 00:08:20.619000,4041.803,4041.333,1,2250
2021-04-05 00:08:20.670000,4042.058,4041.333,2250,2250
2021-04-05 00:08:20.779000,4041.846,4041.352,300,890
2021-04-05 00:08:20.830000,4041.855,4041.199,2250,2250
2021-04-05 00:08:22.679000,4042.046,4041.348,2250,2250
2021-04-05 00:08:35.550000,4042.048,4041.651,1,2250
2021-04-05 00:08:35.600000,4042.352,4041.651,2250,2250
2021-04-05 00:08:40.731000,4042.055,4041.631,300,890
2021-04-05 00:08:40.781000,4042.046,4041.339,2250,2250
2021-04-05 00:08:41.211000,4041.864,4041.331,300,890
2021-04-05 00:08:41.262000,4041.867,4041.133,2250,2250
2021-04-05 00:08:41.372000,4041.803,4041.333,1,2250
2021-04-05 00:08:41.423000,4042.064,4041.339,2250,2250
2021-04-05 00:08:51.806000,4041.846,4041.334,300,890
2021-04-05 00:08:51.856000,4041.849,4041.139,2250,2250
2021-04-05 00:08:53.508000,4041.848,4041.345,1,2250
2021-04-05 00:08:53.559000,4042.049,4041.333,2250,2250
2021-04-05 00:08:56.115000,4041.849,4041.397,300,890
2021-04-05 00:08:56.165000,4041.801,4041.142,2250,2250
2021-04-05 00:09:00.235000,4041.855,4041.246,300,890
2021-04-05 00:09:00.285000,4041.958,4041.248,2250,2250
2021-04-05 00:09:00.395000,4041.852,4041.231,300,890
2021-04-05 00:09:00.445000,4041.867,4041.151,2250,2250
2021-04-05 00:09:02.681000,4041.866,4041.399,1,2250
2021-04-05 00:09:02.732000,4042.067,4041.399,2250,2250
2021-04-05 00:09:06.166000,4041.752,4041.334,300,890
2021-04-05 00:09:06.217000,4041.746,4041.045,2250,2250
2021-04-05 00:09:06.327000,4041.567,4041.049,300,890
2021-04-05 00:09:06.377000,4041.501,4040.854,2250,2250
2021-04-05 00:09:29.902000,4041.461,4040.837,300,890
2021-04-05 00:09:29.952000,4041.467,4040.733,2250,2250
2021-04-05 00:09:30.061000,4041.466,4040.842,1,2250
2021-04-05 00:09:30.111000,4041.549,4040.839,2250,2250
2021-04-05 00:09:35.337000,4041.301,4040.831,300,890
2021-04-05 00:09:35.387000,4041.355,4040.699,2250,2250
2021-04-05 00:10:01.843000,4041.369,4040.899,1,2250
2021-04-05 00:10:01.894000,4041.564,4040.851,2250,2250
2021-04-05 00:10:02.483000,4041.367,4040.834,300,890
2021-04-05 00:10:02.533000,4041.352,4040.645,2250,2250
2021-04-05 00:10:02.990000,4041.303,4040.848,1,2250
2021-04-05 00:10:03.040000,4041.561,4040.899,2250,2250
2021-04-05 00:10:03.504000,4041.352,4040.897,300,890
2021-04-05 00:10:03.554000,4041.358,4040.633,2250,2250
2021-04-05 00:10:03.665000,4041.303,4040.748,1,2250
2021-04-05 00:10:03.716000,4041.458,4040.751,2250,2250
2021-04-05 00:10:03.825000,4041.358,4040.746,300,890
2021-04-05 00:10:03.875000,4041.361,4040.645,2250,2250
2021-04-05 00:10:08.502000,4041.369,4040.754,1,2250
2021-04-05 00:10:08.553000,4041.458,4040.745,2250,2250
2021-04-05 00:10:08.657000,4041.469,4040.899,1,2250
2021-04-05 00:10:08.708000,4041.558,4040.851,2250,2250
2021-04-05 00:10:09.136000,4041.355,4040.897,300,890
2021-04-05 00:10:09.186000,4041.361,4040.645,2250,2250
2021-04-05 00:10:10.690000,4041.358,4040.797,300,890
2021-04-05 00:10:10.740000,4041.455,4040.742,2250,2250
2021-04-05 00:10:11.044000,4041.463,4040.833,1,2250
2021-04-05 00:10:11.095000,4041.561,4040.833,2250,2250
2021-04-05 00:10:19.746000,4041.358,4040.834,300,890
2021-04-05 00:10:19.797000,4041.349,4040.651,2250,2250
2021-04-05 00:10:24.181000,4041.36,4040.839,1,2250
2021-04-05 00:10:24.232000,4041.558,4040.854,2250,2250
2021-04-05 00:10:27.789000,4041.364,4040.846,300,890
2021-04-05 00:10:27.839000,4041.349,4040.642,2250,2250
2021-04-05 00:10:33.055000,4041.067,4040.637,300,890
2021-04-05 00:10:33.105000,4041.052,4040.345,2250,2250
2021-04-05 00:10:51.665000,4040.952,4040.334,300,890
2021-04-05 00:10:51.715000,4040.946,4040.236,2250,2250
2021-04-05 00:10:51.839000,4040.849,4040.237,300,890
2021-04-05 00:10:51.889000,4040.852,4040.148,2250,2250
2021-04-05 00:10:51.987000,4040.848,4040.354,1,2250
2021-04-05 00:10:52.037000,4041.067,4040.339,2250,2250
2021-04-05 00:11:02.969000,4040.846,4040.343,300,890
2021-04-05 00:11:03.019000,4040.855,4040.136,2250,2250
2021-04-05 00:11:06.539000,4040.501,4040.149,300,890
2021-04-05 00:11:06.590000,4040.549,4039.854,2250,2250
2021-04-05 00:11:14.203000,4040.055,4039.849,300,890
2021-04-05 00:11:14.253000,4040.061,4039.399,2250,2250
2021-04-05 00:11:18.551000,4039.855,4039.397,300,890
2021-04-05 00:11:18.602000,4039.867,4039.136,2250,2250
2021-04-05 00:11:19.599000,4039.866,4039.345,1,2250
2021-04-05 00:11:19.649000,4040.055,4039.345,2250,2250
2021-04-05 00:11:19.762000,4039.864,4039.352,300,890
2021-04-05 00:11:19.812000,4039.852,4039.139,2250,2250
2021-04-05 00:11:23.607000,4039.866,4039.399,1,2250
2021-04-05 00:11:23.658000,4040.049,4039.348,2250,2250
2021-04-05 00:11:24.641000,4039.952,4039.34,300,890
2021-04-05 00:11:24.691000,4039.952,4039.254,2250,2250
2021-04-05 00:11:24.794000,4039.867,4039.231,300,890
2021-04-05 00:11:24.845000,4039.852,4039.142,2250,2250
2021-04-05 00:11:24.955000,4039.852,4039.349,300,890
2021-04-05 00:11:25.005000,4040.052,4039.345,2250,2250
2021-04-05 00:11:25.374000,4039.955,4039.334,300,890
2021-04-05 00:11:25.425000,4039.961,4039.254,2250,2250
2021-04-05 00:11:25.694000,4039.852,4039.234,300,890
2021-04-05 00:11:25.744000,4039.867,4039.145,2250,2250
2021-04-05 00:11:26.613000,4039.869,4039.299,1,2250
2021-04-05 00:11:26.663000,4039.949,4039.233,2250,2250
2021-04-05 00:11:26.818000,4039.969,4039.348,1,2250
2021-04-05 00:11:26.869000,4040.052,4039.351,2250,2250
2021-04-05 00:11:46.944000,4040.063,4039.648,1,2250
2021-04-05 00:11:46.995000,4040.352,4039.636,2250,2250
2021-04-05 00:11:53.716000,4040.354,4039.833,1,2250
2021-04-05 00:11:53.766000,4040.555,4039.854,2250,2250
2021-04-05 00:11:59.168000,4040.464,4039.84,300,890
2021-04-05 00:11:59.218000,4040.449,4039.742,2250,2250
2021-04-05 00:11:59.388000,4040.403,4039.848,1,2250
2021-04-05 00:11:59.438000,4040.567,4039.833,2250,2250
2021-04-05 00:12:01.328000,4040.349,4039.84,300,890
2021-04-05 00:12:01.378000,4040.301,4039.651,2250,2250
2021-04-05 00:12:13.867000,4040.001,4039.634,300,890
2021-04-05 00:12:13.918000,4040.046,4039.399,2250,2250
2021-04-05 00:12:25.193000,4039.852,4039.352,300,890
2021-04-05 00:12:25.243000,4039.849,4039.148,2250,2250
2021-04-05 00:12:43.144000,4039.869,4039.348,1,2250
2021-04-05 00:12:43.194000,4040.058,4039.399,2250,2250
2021-04-05 00:12:58.186000,4039.901,4039.349,300,890
2021-04-05 00:12:58.236000,4039.964,4039.233,2250,2250
2021-04-05 00:12:58.345000,4039.951,4039.354,1,2250
2021-04-05 00:12:58.396000,4040.067,4039.348,2250,2250
2021-04-05 00:13:11.918000,4039.964,4039.349,300,890
2021-04-05 00:13:11.969000,4039.967,4039.236,2250,2250
2021-04-05 00:13:12.076000,4039.966,4039.354,1,2250
2021-04-05 00:13:12.126000,4040.001,4039.351,2250,2250
2021-04-05 00:13:12.977000,4039.861,4039.397,300,890
2021-04-05 00:13:13.027000,4039.852,4039.133,2250,2250
2021-04-05 00:13:19.123000,4039.746,4039.131,300,890
2021-04-05 00:13:19.174000,4039.758,4039.036,2250,2250
2021-04-05 00:13:19.482000,4039.563,4039.045,1,2250
2021-04-05 00:13:19.532000,4039.552,4038.833,2250,2250
2021-04-05 00:13:21.113000,4039.551,4039.142,1,2250
2021-04-05 00:13:21.164000,4039.867,4039.142,2250,2250
2021-04-05 00:13:21.273000,4039.752,4039.137,300,890
2021-04-05 00:13:21.324000,4039.767,4039.036,2250,2250
2021-04-05 00:13:21.436000,4039.563,4039.051,1,2250
2021-04-05 00:13:21.486000,4039.501,4038.899,2250,2250
2021-04-05 00:13:21.594000,4039.569,4039.139,1,2250
2021-04-05 00:13:21.644000,4039.861,4039.133,2250,2250
2021-04-05 00:13:32.862000,4039.501,4039.146,300,890
2021-04-05 00:13:32.912000,4039.561,4038.839,2250,2250
2021-04-05 00:13:33.022000,4039.563,4039.145,1,2250
2021-04-05 00:13:33.072000,4039.846,4039.199,2250,2250
2021-04-05 00:13:33.191000,4039.755,4039.134,300,890
2021-04-05 00:13:33.242000,4039.755,4039.042,2250,2250
2021-04-05 00:13:33.446000,4039.552,4039.037,300,890
2021-04-05 00:13:33.496000,4039.555,4038.833,2250,2250
2021-04-05 00:13:34.829000,4039.557,4039.045,1,2250
2021-04-05 00:13:34.880000,4039.758,4039.036,2250,2250
2021-04-05 00:13:34.990000,4039.746,4039.152,300,890
2021-04-05 00:13:35.041000,4039.846,4039.145,2250,2250
2021-04-05 00:13:40.905000,4039.566,4039.136,1,2250
2021-04-05 00:13:40.956000,4039.564,4038.839,2250,2250
2021-04-05 00:13:41.063000,4039.503,4039.033,1,2250
2021-04-05 00:13:41.114000,4039.755,4039.051,2250,2250
2021-04-05 00:13:41.258000,4039.567,4039.043,300,890
2021-04-05 00:13:41.308000,4039.567,4038.839,2250,2250
2021-04-05 00:13:42.084000,4039.56,4039.036,1,2250
2021-04-05 00:13:42.134000,4039.764,4039.048,2250,2250
2021-04-05 00:13:42.927000,4039.76,4039.148,1,2250
2021-04-05 00:13:42.978000,4039.861,4039.148,2250,2250
2021-04-05 00:13:44.410000,4039.749,4039.152,300,890
2021-04-05 00:13:44.460000,4039.701,4039.045,2250,2250
2021-04-05 00:13:44.656000,4039.567,4039.034,300,890
2021-04-05 00:13:44.706000,4039.558,4038.839,2250,2250
2021-04-05 00:13:44.817000,4039.566,4039.042,1,2250
2021-04-05 00:13:44.867000,4039.755,4039.054,2250,2250
2021-04-05 00:13:44.975000,4039.561,4039.04,300,890
2021-04-05 00:13:45.025000,4039.561,4038.854,2250,2250
2021-04-05 00:13:45.494000,4039.558,4039.197,300,890
2021-04-05 00:13:45.544000,4039.846,4039.148,2250,2250
2021-04-05 00:13:46.134000,4039.749,4039.152,300,890
2021-04-05 00:13:46.185000,4039.764,4039.054,2250,2250
2021-04-05 00:13:46.283000,4039.555,4039.049,300,890
2021-04-05 00:13:46.334000,4039.567,4038.848,2250,2250
2021-04-05 00:13:46.443000,4039.566,4039.154,1,2250
2021-04-05 00:13:46.493000,4039.852,4039.145,2250,2250
2021-04-05 00:13:51.319000,4039.855,4039.334,300,890
2021-04-05 00:13:51.369000,4040.061,4039.339,2250,2250
2021-04-05 00:13:52.922000,4039.863,4039.336,1,2250
2021-04-05 00:13:52.972000,4039.801,4039.145,2250,2250
2021-04-05 00:13:53.078000,4039.855,4039.343,300,890
2021-04-05 00:13:53.128000,4040.055,4039.399,2250,2250
2021-04-05 00:14:02.565000,4039.801,4039.337,300,890
2021-04-05 00:14:02.615000,4039.852,4039.139,2250,2250
2021-04-05 00:14:11.006000,4039.857,4039.342,1,2250
2021-04-05 00:14:11.057000,4040.052,4039.339,2250,2250
2021-04-05 00:14:11.171000,4039.954,4039.348,1,2250
2021-04-05 00:14:11.221000,4039.958,4039.242,2250,2250
2021-04-05 00:14:11.342000,4039.955,4039.331,300,890
2021-04-05 00:14:11.393000,4040.046,4039.342,2250,2250
2021-04-05 00:14:11.893000,4039.948,4039.351,1,2250
2021-04-05 00:14:11.943000,4039.955,4039.254,2250,2250
2021-04-05 00:14:12.362000,4039.963,4039.351,1,2250
2021-04-05 00:14:12.413000,4040.049,4039.345,2250,2250
2021-04-05 00:14:30.066000,4039.86,4039.339,1,2250
2021-04-05 00:14:30.117000,4039.846,4039.133,2250,2250
2021-04-05 00:14:35.662000,4039.561,4039.197,300,890
2021-04-05 00:14:35.713000,4039.564,4038.836,2250,2250
2021-04-05 00:14:54.688000,4039.501,4039.131,300,890
2021-04-05 00:14:54.738000,4039.867,4039.154,2250,2250
2021-04-05 00:14:55.633000,4039.769,4039.148,1,2250
2021-04-05 00:14:55.684000,4039.755,4039.099,2250,2250
2021-04-05 00:14:56.466000,4039.763,4039.133,1,2250
2021-04-05 00:14:56.517000,4039.801,4039.142,2250,2250
2021-04-05 00:14:56.642000,4039.703,4039.199,1,2250
2021-04-05 00:14:56.693000,4039.755,4039.054,2250,2250
2021-04-05 00:14:56.786000,4039.752,4039.143,300,890
2021-04-05 00:14:56.836000,4039.855,4039.151,2250,2250
2021-04-05 00:15:01.743000,4039.557,4039.133,1,2250
2021-04-05 00:15:01.794000,4039.555,4038.854,2250,2250
2021-04-05 00:15:01.905000,4039.566,4039.045,1,2250
2021-04-05 00:15:01.956000,4039.749,4039.039,2250,2250
2021-04-05 00:15:02.063000,4039.546,4039.046,300,890
2021-04-05 00:15:02.113000,4039.564,4038.848,2250,2250
2021-04-05 00:15:08.351000,4039.352,4038.837,300,890
2021-04-05 00:15:08.401000,4039.352,4038.699,2250,2250
2021-04-05 00:15:08.528000,4039.355,4038.746,300,890
2021-04-05 00:15:08.578000,4039.458,4038.742,2250,2250
2021-04-05 00:15:09.048000,4039.352,4038.734,300,890
2021-04-05 00:15:09.098000,4039.367,4038.636,2250,2250
2021-04-05 00:15:11.014000,4039.366,4038.851,1,2250
2021-04-05 00:15:11.065000,4039.546,4038.842,2250,2250
2021-04-05 00:15:11.653000,4039.367,4038.897,300,890
2021-04-05 00:15:11.703000,4039.367,4038.639,2250,2250
2021-04-05 00:15:11.813000,4039.301,4038.837,300,890
2021-04-05 00:15:11.863000,4039.549,4038.854,2250,2250
2021-04-05 00:15:13.267000,4039.401,4038.843,300,890
2021-04-05 00:15:13.317000,4039.458,4038.751,2250,2250
2021-04-05 00:15:14.764000,4039.446,4038.843,300,890
2021-04-05 00:15:14.814000,4039.552,4038.839,2250,2250
2021-04-05 00:15:16.850000,4039.354,4038.848,1,2250
2021-04-05 00:15:16.901000,4039.346,4038.639,2250,2250
2021-04-05 00:15:17.664000,4039.366,4038.751,1,2250
2021-04-05 00:15:17.714000,4039.452,4038.745,2250,2250
2021-04-05 00:15:18.445000,4039.457,4038.848,1,2250
2021-04-05 00:15:18.495000,4039.558,4038.851,2250,2250
2021-04-05 00:15:27.764000,4039.557,4039.148,1,2250
2021-04-05 00:15:27.814000,4039.849,4039.148,2250,2250
2021-04-05 00:15:39.682000,4039.869,4039.333,1,2250
2021-04-05 00:15:39.732000,4040.058,4039.345,2250,2250
2021-04-05 00:15:41.718000,4039.846,4039.337,300,890
2021-04-05 00:15:41.769000,4039.858,4039.148,2250,2250
2021-04-05 00:15:53.319000,4039.848,4039.242,1,2250
2021-04-05 00:15:53.369000,4039.955,4039.245,2250,2250
2021-04-05 00:15:53.480000,4039.851,4039.236,1,2250
2021-04-05 00:15:53.530000,4039.858,4039.199,2250,2250
2021-04-05 00:16:12.031000,4039.549,4039.143,300,890
2021-04-05 00:16:12.082000,4039.555,4038.845,2250,2250
2021-04-05 00:16:12.513000,4039.563,4039.199,1,2250
2021-04-05 00:16:12.563000,4039.861,4039.148,2250,2250
2021-04-05 00:16:12.671000,4039.557,4039.154,1,2250
2021-04-05 00:16:12.722000,4039.567,4038.833,2250,2250
2021-04-05 00:16:12.834000,4039.546,4039.14,300,890
2021-04-05 00:16:12.885000,4039.867,4039.145,2250,2250
2021-04-05 00:16:18.569000,4039.769,4039.139,1,2250
2021-04-05 00:16:18.619000,4039.767,4039.039,2250,2250
2021-04-05 00:16:18.988000,4039.703,4039.154,1,2250
2021-04-05 00:16:19.038000,4039.867,4039.151,2250,2250
2021-04-05 00:16:19.795000,4039.564,4039.137,300,890
2021-04-05 00:16:19.845000,4039.555,4038.899,2250,2250
2021-04-05 00:16:20.445000,4039.551,4039.033,1,2250
2021-04-05 00:16:20.495000,4039.749,4039.036,2250,2250
2021-04-05 00:16:20.597000,4039.748,4039.136,1,2250
2021-04-05 00:16:20.647000,4039.858,4039.136,2250,2250
2021-04-05 00:16:25.800000,4039.503,4039.142,1,2250
2021-04-05 00:16:25.850000,4039.567,4038.833,2250,2250
2021-04-05 00:16:27.704000,4039.548,4039.133,1,2250
2021-04-05 00:16:27.754000,4039.858,4039.199,2250,2250
2021-04-05 00:16:30.330000,4039.561,4039.197,300,890
2021-04-05 00:16:30.380000,4039.555,4038.854,2250,2250
2021-04-05 00:16:35.487000,4039.566,4039.051,1,2250
2021-04-05 00:16:35.538000,4039.761,4039.033,2250,2250
2021-04-05 00:16:35.970000,4039.561,4039.052,300,890
2021-04-05 00:16:36.020000,4039.501,4038.854,2250,2250
2021-04-05 00:16:37.397000,4039.548,4039.099,1,2250
2021-04-05 00:16:37.447000,4039.767,4039.045,2250,2250
2021-04-05 00:16:37.718000,4039.751,4039.148,1,2250
2021-04-05 00:16:37.769000,4039.852,4039.199,2250,2250
2021-04-05 00:16:50.789000,4039.852,4039.352,300,890
2021-04-05 00:16:50.840000,4040.067,4039.354,2250,2250
2021-04-05 00:16:59.654000,4040.003,4039.633,1,2250
2021-04-05 00:16:59.705000,4040.346,4039.645,2250,2250
2021-04-05 00:16:59.972000,4040.201,4039.634,300,890
2021-04-05 00:17:00.022000,4040.267,4039.599,2250,2250
2021-04-05 00:17:00.149000,4040.058,4039.534,300,890
2021-04-05 00:17:00.199000,4040.049,4039.333,2250,2250
2021-04-05 00:17:34.461000,4039.863,4039.345,1,2250
2021-04-05 00:17:34.511000,4039.858,4039.142,2250,2250
2021-04-05 00:17:44.706000,4039.564,4039.137,300,890
2021-04-05 00:17:44.758000,4039.567,4038.842,2250,2250
2021-04-05 00:17:46.543000,4039.352,4038.849,300,890
2021-04-05 00:17:46.593000,4039.349,4038.633,2250,2250
2021-04-05 00:17:46.696000,4039.366,4038.833,1,2250
2021-04-05 00:17:46.746000,4039.552,4038.833,2250,2250
2021-04-05 00:18:51.576000,4039.301,4038.84,300,890
2021-04-05 00:18:51.626000,4039.349,4038.651,2250,2250
2021-04-05 00:18:59.445000,4039.354,4038.842,1,2250
2021-04-05 00:18:59.496000,4039.552,4038.836,2250,2250
2021-04-05 00:18:59.924000,4039.346,4038.897,300,890
2021-04-05 00:18:59.974000,4039.358,4038.651,2250,2250
2021-04-05 00:19:00.246000,4039.364,4038.743,300,890
2021-04-05 00:19:00.296000,4039.461,4038.739,2250,2250
2021-04-05 00:19:00.897000,4039.358,4038.743,300,890
2021-04-05 00:19:00.948000,4039.361,4038.651,2250,2250
2021-04-05 00:19:02.597000,4039.346,4038.849,300,890
2021-04-05 00:19:02.647000,4039.567,4038.845,2250,2250
2021-04-05 00:19:03.070000,4039.361,4038.831,300,890
2021-04-05 00:19:03.120000,4039.355,4038.651,2250,2250
2021-04-05 00:19:04.926000,4039.349,4038.746,300,890
2021-04-05 00:19:04.976000,4039.449,4038.754,2250,2250
2021-04-05 00:19:05.084000,4039.452,4038.846,300,890
2021-04-05 00:19:05.134000,4039.567,4038.833,2250,2250
2021-04-05 00:19:05.572000,4039.369,4038.845,1,2250
2021-04-05 00:19:05.622000,4039.346,4038.633,2250,2250
2021-04-05 00:19:07.325000,4039.361,4038.84,300,890
2021-04-05 00:19:07.375000,4039.501,4038.854,2250,2250
2021-04-05 00:19:07.812000,4039.355,4038.849,300,890
2021-04-05 00:19:07.862000,4039.358,4038.699,2250,2250
2021-04-05 00:19:18.472000,4039.351,4038.854,1,2250
2021-04-05 00:19:18.522000,4039.564,4038.845,2250,2250
2021-04-05 00:19:39.382000,4039.846,4039.145,2250,2250
2021-04-05 00:19:43.434000,4039.863,4039.399,1,2250
2021-04-05 00:19:43.485000,4040.001,4039.339,2250,2250
2021-04-05 00:19:48.857000,4039.851,4039.345,1,2250
2021-04-05 00:19:48.907000,4039.867,4039.133,2250,2250
2021-04-05 00:19:49.170000,4039.863,4039.236,1,2250
2021-04-05 00:19:49.221000,4039.946,4039.254,2250,2250
2021-04-05 00:19:50.289000,4039.963,4039.351,1,2250
2021-04-05 00:19:50.339000,4040.061,4039.342,2250,2250
2021-04-05 00:19:52.715000,4039.857,4039.399,1,2250
2021-04-05 00:19:52.765000,4039.861,4039.142,2250,2250
2021-04-05 00:20:02.033000,4039.554,4039.145,1,2250
2021-04-05 00:20:02.084000,4039.555,4038.836,2250,2250
2021-04-05 00:20:05.154000,4039.564,4039.097,300,890
2021-04-05 00:20:05.204000,4039.758,4039.036,2250,2250
2021-04-05 00:20:05.494000,4039.757,4039.142,1,2250
2021-04-05 00:20:05.544000,4039.864,4039.154,2250,2250
2021-04-05 00:20:09.889000,4039.854,4039.236,1,2250
2021-04-05 00:20:09.939000,4039.946,4039.254,2250,2250
2021-04-05 00:20:10.056000,4039.966,4039.333,1,2250
2021-04-05 00:20:10.106000,4040.052,4039.354,2250,2250
2021-04-05 00:20:10.210000,4039.869,4039.342,1,2250
2021-04-05 00:20:10.260000,4039.867,4039.151,2250,2250
2021-04-05 00:20:15.898000,4039.848,4039.248,1,2250
2021-04-05 00:20:15.948000,4039.952,4039.299,2250,2250
2021-04-05 00:20:16.058000,4039.855,4039.252,300,890
2021-04-05 00:20:16.108000,4039.846,4039.133,2250,2250
2021-04-05 00:20:58.422000,4039.863,4039.333,1,2250
2021-04-05 00:20:58.472000,4040.061,4039.351,2250,2250
2021-04-05 00:21:01.807000,4039.855,4039.331,300,890
2021-04-05 00:21:01.857000,4039.867,4039.133,2250,2250
2021-04-05 00:21:02.031000,4039.858,4039.343,300,890
2021-04-05 00:21:02.081000,4040.001,4039.336,2250,2250
2021-04-05 00:21:02.192000,4039.855,4039.331,300,890
2021-04-05 00:21:02.242000,4039.861,4039.199,2250,2250
2021-04-05 00:21:04.715000,4039.801,4039.349,300,890
2021-04-05 00:21:04.765000,4040.049,4039.345,2250,2250
2021-04-05 00:21:05.102000,4039.867,4039.346,300,890
2021-04-05 00:21:05.153000,4039.846,4039.142,2250,2250
2021-04-05 00:21:16.855000,4039.846,4039.343,300,890
2021-04-05 00:21:16.906000,4040.064,4039.345,2250,2250
2021-04-05 00:21:25.973000,4039.855,4039.349,300,890
2021-04-05 00:21:26.024000,4039.861,4039.139,2250,2250
2021-04-05 00:21:38.076000,4039.846,4039.397,300,890
2021-04-05 00:21:38.126000,4040.055,4039.339,2250,2250
2021-04-05 00:21:39.089000,4039.869,4039.354,1,2250
2021-04-05 00:21:39.139000,4039.861,4039.142,2250,2250
2021-04-05 00:21:40.574000,4039.866,4039.251,1,2250
2021-04-05 00:21:40.624000,4039.952,4039.245,2250,2250
2021-04-05 00:21:40.897000,4039.955,4039.352,300,890
2021-04-05 00:21:40.947000,4040.001,4039.342,2250,2250
2021-04-05 00:21:41.996000,4039.854,4039.339,1,2250
2021-04-05 00:21:42.047000,4039.855,4039.145,2250,2250
2021-04-05 00:21:44.334000,4039.854,4039.239,1,2250
2021-04-05 00:21:44.384000,4039.949,4039.236,2250,2250
2021-04-05 00:21:45.311000,4039.966,4039.339,1,2250
2021-04-05 00:21:45.361000,4040.046,4039.348,2250,2250
2021-04-05 00:21:51.582000,4039.863,4039.354,1,2250
2021-04-05 00:21:51.633000,4039.861,4039.139,2250,2250
2021-04-05 00:22:02.441000,4039.503,4039.151,1,2250
2021-04-05 00:22:02.491000,4039.552,4038.899,2250,2250
2021-04-05 00:22:06.716000,4039.503,4039.154,1,2250
2021-04-05 00:22:06.767000,4039.852,4039.136,2250,2250
2021-04-05 00:22:08.783000,4039.555,4039.152,300,890
2021-04-05 00:22:08.834000,4039.546,4038.845,2250,2250
2021-04-05 00:22:21.665000,4039.361,4038.897,300,890
2021-04-05 00:22:21.715000,4039.346,4038.642,2250,2250
2021-04-05 00:22:25.996000,4039.351,4038.854,1,2250
2021-04-05 00:22:26.047000,4039.549,4038.833,2250,2250
2021-04-05 00:22:26.156000,4039.349,4038.897,300,890
2021-04-05 00:22:26.206000,4039.349,4038.636,2250,2250
2021-04-05 00:23:45.283000,4039.355,4038.846,300,890
2021-04-05 00:23:45.333000,4039.558,4038.851,2250,2250
2021-04-05 00:23:52.406000,4039.503,4039.142,1,2250
2021-04-05 00:23:52.456000,4039.861,4039.199,2250,2250
2021-04-05 00:24:05.338000,4039.866,4039.254,1,2250
2021-04-05 00:24:05.388000,4039.955,4039.251,2250,2250
2021-04-05 00:24:05.496000,4039.864,4039.231,300,890
2021-04-05 00:24:05.547000,4039.849,4039.154,2250,2250
2021-04-05 00:24:09.155000,4039.858,4039.24,300,890
2021-04-05 00:24:09.205000,4039.964,4039.236,2250,2250
2021-04-05 00:24:09.316000,4039.857,4039.245,1,2250
2021-04-05 00:24:09.368000,4039.852,4039.154,2250,2250
2021-04-05 00:24:15.112000,4039.367,4039.137,300,890
2021-04-05 00:24:15.163000,4039.349,4038.633,2250,2250
2021-04-05 00:24:28.991000,4039.357,4038.848,1,2250
2021-04-05 00:24:29.042000,4039.561,4038.836,2250,2250
2021-04-05 00:24:45.096000,4039.548,4039.033,1,2250
2021-04-05 00:24:45.147000,4039.746,4039.048,2250,2250
2021-04-05 00:24:45.826000,4039.569,4039.033,1,2250
2021-04-05 00:24:45.877000,4039.552,4038.851,2250,2250
2021-04-05 00:24:49.058000,4039.557,4039.133,1,2250
2021-04-05 00:24:49.109000,4039.801,4039.148,2250,2250
2021-04-05 00:24:49.376000,4039.501,4039.149,300,890
2021-04-05 00:24:49.427000,4039.549,4038.842,2250,2250
2021-04-05 00:24:50.000000,4039.569,4039.139,1,2250
2021-04-05 00:24:50.050000,4039.864,4039.142,2250,2250
2021-04-05 00:24:50.167000,4039.56,4039.154,1,2250
2021-04-05 00:24:50.218000,4039.564,4038.842,2250,2250
2021-04-05 00:24:54.448000,4039.564,4039.197,300,890
2021-04-05 00:24:54.499000,4039.846,4039.199,2250,2250
2021-04-05 00:25:20.858000,4039.557,4039.154,1,2250
2021-04-05 00:25:20.909000,4039.546,4038.854,2250,2250
2021-04-05 00:25:22.380000,4039.558,4039.134,300,890
2021-04-05 00:25:22.430000,4039.864,4039.142,2250,2250
2021-04-05 00:25:22.550000,4039.555,4038.848,2250,2250
2021-04-05 00:25:22.704000,4039.555,4039.046,300,890
2021-04-05 00:25:22.755000,4039.764,4039.051,2250,2250
2021-04-05 00:25:23.228000,4039.769,4039.145,1,2250
2021-04-05 00:25:23.279000,4039.858,4039.145,2250,2250
2021-04-05 00:25:32.950000,4039.551,4039.199,1,2250
2021-04-05 00:25:33.000000,4039.558,4038.851,2250,2250
2021-04-05 00:25:39.043000,4039.355,4038.852,300,890
2021-04-05 00:25:39.093000,4039.346,4038.651,2250,2250
2021-04-05 00:25:47.615000,4039.351,4038.845,1,2250
2021-04-05 00:25:47.666000,4039.561,4038.839,2250,2250
2021-04-05 00:25:52.486000,4039.301,4038.651,2250,2250
2021-04-05 00:26:21.132000,4039.057,4038.633,1,2250
2021-04-05 00:26:21.182000,4039.052,4038.333,2250,2250
2021-04-05 00:26:23.436000,4039.069,4038.642,1,2250
2021-04-05 00:26:23.486000,4039.349,4038.699,2250,2250
2021-04-05 00:26:24.722000,4039.049,4038.631,300,890
2021-04-05 00:26:24.773000,4039.061,4038.333,2250,2250
2021-04-05 00:26:27.836000,4039.06,4038.636,1,2250
2021-04-05 00:26:27.886000,4039.361,4038.636,2250,2250
2021-04-05 00:26:27.996000,4039.046,4038.64,300,890
2021-04-05 00:26:28.046000,4039.064,4038.342,2250,2250
2021-04-05 00:26:32.229000,4039.055,4038.64,300,890
2021-04-05 00:26:32.279000,4039.355,4038.645,2250,2250
2021-04-05 00:26:34.547000,4039.058,4038.649,300,890
2021-04-05 00:26:34.598000,4039.061,4038.354,2250,2250
2021-04-05 00:26:37.646000,4039.048,4038.654,1,2250
2021-04-05 00:26:37.696000,4039.364,4038.645,2250,2250
2021-04-05 00:26:54.314000,4039.366,4038.833,1,2250
2021-04-05 00:26:54.365000,4039.546,4038.851,2250,2250
2021-04-05 00:27:04.654000,4039.501,4039.197,300,890
2021-04-05 00:27:04.704000,4039.858,4039.142,2250,2250
2021-04-05 00:27:10.029000,4039.854,4039.354,1,2250
2021-04-05 00:27:10.080000,4040.055,4039.345,2250,2250
2021-04-05 00:27:22.363000,4040.057,4039.648,1,2250
2021-04-05 00:27:22.414000,4040.355,4039.633,2250,2250
2021-04-05 00:28:01.550000,4040.269,4039.699,1,2250
2021-04-05 00:28:01.601000,4040.267,4039.599,2250,2250
2021-04-05 00:28:02.363000,4040.064,4039.54,300,890
2021-04-05 00:28:02.413000,4040.061,4039.342,2250,2250
2021-04-05 00:28:02.512000,4040.057,4039.536,1,2250
2021-04-05 00:28:02.562000,4040.267,4039.545,2250,2250
2021-04-05 00:28:03.135000,4040.061,4039.534,300,890
2021-04-05 00:28:03.185000,4040.049,4039.348,2250,2250
2021-04-05 00:29:16.154000,4040.057,4039.636,1,2250
2021-04-05 00:29:16.205000,4040.355,4039.639,2250,2250
2021-04-05 00:29:45.969000,4040.364,4039.84,300,890
2021-04-05 00:29:46.019000,4040.501,4039.842,2250,2250
2021-04-05 00:30:00.658000,4040.864,4040.148,2250,2250
2021-04-05 00:30:01.106000,4040.569,4040.199,1,2250
2021-04-05 00:30:01.156000,4040.555,4039.845,2250,2250
2021-04-05 00:30:02.186000,4040.364,4039.849,300,890
2021-04-05 00:30:02.237000,4040.349,4039.645,2250,2250
2021-04-05 00:30:02.356000,4040.303,4039.854,1,2250
2021-04-05 00:30:02.406000,4040.546,4039.854,2250,2250
2021-04-05 00:30:02.517000,4040.348,4039.899,1,2250
2021-04-05 00:30:02.568000,4040.301,4039.636,2250,2250
2021-04-05 00:30:02.823000,4040.363,4039.851,1,2250
2021-04-05 00:30:02.873000,4040.567,4039.899,2250,2250
2021-04-05 00:30:04.351000,4040.349,4039.837,300,890
2021-04-05 00:30:04.401000,4040.355,4039.654,2250,2250
2021-04-05 00:30:09.536000,4040.357,4039.733,1,2250
2021-04-05 00:30:09.613000,4040.467,4039.745,2250,2250
2021-04-05 00:30:09.730000,4040.364,4039.731,300,890
2021-04-05 00:30:09.780000,4040.364,4039.636,2250,2250
2021-04-05 00:30:14.113000,4040.301,4039.734,300,890
2021-04-05 00:30:14.163000,4040.401,4039.799,2250,2250
2021-04-05 00:30:14.599000,4040.349,4039.749,300,890
2021-04-05 00:30:14.649000,4040.364,4039.654,2250,2250
2021-04-05 00:30:14.752000,4040.363,4039.848,1,2250
2021-04-05 00:30:14.802000,4040.552,4039.851,2250,2250
2021-04-05 00:30:18.009000,4040.551,4040.142,1,2250
2021-04-05 00:30:18.059000,4040.849,4040.139,2250,2250
2021-04-05 00:30:19.988000,4040.863,4040.336,1,2250
2021-04-05 00:30:20.038000,4041.001,4040.336,2250,2250
2021-04-05 00:30:20.145000,4040.855,4040.349,300,890
2021-04-05 00:30:20.195000,4040.852,4040.142,2250,2250
2021-04-05 00:30:22.423000,4040.851,4040.239,1,2250
2021-04-05 00:30:22.473000,4040.946,4040.254,2250,2250
2021-04-05 00:30:22.583000,4040.852,4040.231,300,890
2021-04-05 00:30:22.633000,4040.852,4040.136,2250,2250
2021-04-05 00:30:23.064000,4040.864,4040.234,300,890
2021-04-05 00:30:23.114000,4040.955,4040.254,2250,2250
2021-04-05 00:30:23.385000,4040.861,4040.24,300,890
2021-04-05 00:30:23.435000,4040.858,4040.145,2250,2250
2021-04-05 00:30:23.733000,4040.86,4040.299,1,2250
2021-04-05 00:30:23.784000,4040.961,4040.254,2250,2250
2021-04-05 00:30:23.885000,4040.852,4040.231,300,890
2021-04-05 00:30:23.935000,4040.864,4040.148,2250,2250
2021-04-05 00:30:24.226000,4040.803,4040.239,1,2250
2021-04-05 00:30:24.277000,4040.955,4040.236,2250,2250
2021-04-05 00:30:24.387000,4040.846,4040.243,300,890
2021-04-05 00:30:24.437000,4040.801,4040.133,2250,2250
2021-04-05 00:30:24.548000,4040.857,4040.251,1,2250
2021-04-05 00:30:24.598000,4040.964,4040.248,2250,2250
2021-04-05 00:30:24.834000,4040.855,4040.297,300,890
2021-04-05 00:30:24.884000,4040.801,4040.136,2250,2250
2021-04-05 00:30:25.211000,4040.854,4040.236,1,2250
2021-04-05 00:30:25.262000,4040.949,4040.254,2250,2250
2021-04-05 00:30:25.917000,4040.867,4040.246,300,890
2021-04-05 00:30:25.967000,4040.867,4040.133,2250,2250
2021-04-05 00:30:26.416000,4040.863,4040.299,1,2250
2021-04-05 00:30:26.466000,4040.967,4040.242,2250,2250
2021-04-05 00:30:27.324000,4040.901,4040.334,300,890
2021-04-05 00:30:27.375000,4041.061,4040.339,2250,2250
2021-04-05 00:30:30.814000,4041.046,4040.643,300,890
2021-04-05 00:30:30.864000,4041.358,4040.648,2250,2250
2021-04-05 00:30:32.047000,4041.058,4040.354,2250,2250
2021-04-05 00:30:43.380000,4041.048,4040.536,1,2250
2021-04-05 00:30:43.430000,4041.267,4040.551,2250,2250
2021-04-05 00:30:43.518000,4041.049,4040.531,300,890
2021-04-05 00:30:43.569000,4041.064,4040.345,2250,2250
2021-04-05 00:30:44.275000,4041.069,4040.554,1,2250
2021-04-05 00:30:44.326000,4041.255,4040.545,2250,2250
2021-04-05 00:30:44.448000,4041.048,4040.554,1,2250
2021-04-05 00:30:44.499000,4041.055,4040.348,2250,2250
2021-04-05 00:30:48.626000,4041.063,4040.551,1,2250
2021-04-05 00:30:48.676000,4041.249,4040.539,2250,2250
2021-04-05 00:30:49.329000,4041.257,4040.651,1,2250
2021-04-05 00:30:49.379000,4041.367,4040.648,2250,2250
2021-04-05 00:30:49.488000,4041.067,4040.643,300,890
2021-04-05 00:30:49.538000,4041.061,4040.354,2250,2250
2021-04-05 00:31:20.273000,4041.052,4040.597,300,890
2021-04-05 00:31:20.324000,4041.258,4040.551,2250,2250
2021-04-05 00:31:20.431000,4041.203,4040.636,1,2250
2021-04-05 00:31:20.481000,4041.367,4040.651,2250,2250
2021-04-05 00:31:26.771000,4041.064,4040.652,300,890
2021-04-05 00:31:26.821000,4041.052,4040.342,2250,2250
2021-04-05 00:31:28.447000,4041.003,4040.633,1,2250
2021-04-05 00:31:28.498000,4041.346,4040.645,2250,2250
2021-04-05 00:31:29.017000,4041.266,4040.699,1,2250
2021-04-05 00:31:29.067000,4041.246,4040.539,2250,2250
2021-04-05 00:31:29.180000,4041.269,4040.642,1,2250
2021-04-05 00:31:29.230000,4041.349,4040.633,2250,2250
2021-04-05 00:31:30.583000,4041.201,4040.646,300,890
2021-04-05 00:31:30.634000,4041.264,4040.551,2250,2250
2021-04-05 00:31:31.369000,4041.203,4040.639,1,2250
2021-04-05 00:31:31.420000,4041.361,4040.651,2250,2250
2021-04-05 00:31:32.938000,4041.263,4040.636,1,2250
2021-04-05 00:31:32.989000,4041.264,4040.533,2250,2250
2021-04-05 00:31:33.095000,4041.266,4040.642,1,2250
2021-04-05 00:31:33.145000,4041.367,4040.642,2250,2250
2021-04-05 00:31:37.494000,4041.001,4040.652,300,890
2021-04-05 00:31:37.544000,4041.049,4040.345,2250,2250
2021-04-05 00:32:20.568000,4041.057,4040.633,1,2250
2021-04-05 00:32:20.618000,4041.355,4040.639,2250,2250
2021-04-05 00:32:24.019000,4041.046,4040.631,300,890
2021-04-05 00:32:24.069000,4041.058,4040.333,2250,2250
2021-04-05 00:33:18.363000,4041.048,4040.699,1,2250
2021-04-05 00:33:18.413000,4041.352,4040.648,2250,2250
2021-04-05 00:33:23.763000,4041.303,4040.842,1,2250
2021-04-05 00:33:23.813000,4041.501,4040.848,2250,2250
2021-04-05 00:33:24.903000,4041.552,4041.146,300,890
2021-04-05 00:33:24.953000,4041.852,4041.148,2250,2250
2021-04-05 00:33:28.458000,4041.854,4041.345,1,2250
2021-04-05 00:33:28.508000,4042.067,4041.333,2250,2250
2021-04-05 00:33:29.629000,4041.963,4041.399,1,2250
2021-04-05 00:33:29.679000,4041.967,4041.233,2250,2250
2021-04-05 00:33:29.798000,4041.964,4041.349,300,890
2021-04-05 00:33:29.848000,4042.049,4041.351,2250,2250
2021-04-05 00:33:30.616000,4041.858,4041.331,300,890
2021-04-05 00:33:30.666000,4041.846,4041.145,2250,2250
2021-04-05 00:33:31.611000,4041.855,4041.352,300,890
2021-04-05 00:33:31.661000,4042.055,4041.339,2250,2250
2021-04-05 00:33:44.817000,4041.861,4041.34,300,890
2021-04-05 00:33:44.867000,4041.801,4041.139,2250,2250
2021-04-05 00:33:45.651000,4041.854,4041.351,1,2250
2021-04-05 00:33:45.702000,4042.061,4041.339,2250,2250
2021-04-05 00:33:46.417000,4041.952,4041.34,300,890
2021-04-05 00:33:46.467000,4041.961,4041.254,2250,2250
2021-04-05 00:33:46.578000,4041.96,4041.351,1,2250
2021-04-05 00:33:46.628000,4042.055,4041.399,2250,2250
2021-04-05 00:34:21.407000,4041.863,4041.339,1,2250
2021-04-05 00:34:21.457000,4041.855,4041.151,2250,2250
2021-04-05 00:34:22.123000,4041.846,4041.252,300,890
2021-04-05 00:34:22.174000,4041.949,4041.248,2250,2250
2021-04-05 00:34:22.579000,4041.955,4041.646,300,890
2021-04-05 00:34:22.630000,4042.367,4041.639,2250,2250
2021-04-05 00:34:24.399000,4042.001,4041.697,300,890
2021-04-05 00:34:24.449000,4042.061,4041.348,2250,2250
2021-04-05 00:34:35.869000,4042.061,4041.637,300,890
2021-04-05 00:34:35.920000,4042.349,4041.642,2250,2250
2021-04-05 00:34:37.088000,4042.048,4041.699,1,2250
2021-04-05 00:34:37.138000,4042.046,4041.351,2250,2250
2021-04-05 00:34:48.819000,4042.057,4041.645,1,2250
2021-04-05 00:34:48.870000,4042.346,4041.639,2250,2250
2021-04-05 00:34:49.295000,4042.36,4041.854,1,2250
2021-04-05 00:34:49.345000,4042.546,4041.851,2250,2250
2021-04-05 00:35:14.315000,4042.557,4042.139,1,2250
2021-04-05 00:35:14.366000,4042.852,4042.133,2250,2250
2021-04-05 00:35:15.394000,4042.752,4042.137,300,890
2021-04-05 00:35:15.444000,4042.761,4042.048,2250,2250
2021-04-05 00:35:15.554000,4042.757,4042.142,1,2250
2021-04-05 00:35:15.605000,4042.867,4042.199,2250,2250
2021-04-05 00:35:16.334000,4042.567,4042.146,300,890
2021-04-05 00:35:16.385000,4042.552,4041.899,2250,2250
2021-04-05 00:35:25.288000,4042.467,4041.834,300,890
2021-04-05 00:35:25.338000,4042.458,4041.733,2250,2250
2021-04-05 00:35:25.444000,4042.352,4041.746,300,890
2021-04-05 00:35:25.494000,4042.346,4041.654,2250,2250
2021-04-05 00:35:28.438000,4042.348,4041.839,1,2250
2021-04-05 00:35:28.488000,4042.561,4041.851,2250,2250
2021-04-05 00:36:07.098000,4042.357,4041.845,1,2250
2021-04-05 00:36:07.149000,4042.301,4041.642,2250,2250
2021-04-05 00:36:20.390000,4042.558,4041.854,2250,2250
2021-04-05 00:36:28.060000,4042.558,4042.14,300,890
2021-04-05 00:36:28.110000,4042.852,4042.136,2250,2250
2021-04-05 00:36:32.432000,4042.546,4042.137,300,890
2021-04-05 00:36:32.483000,4042.549,4041.836,2250,2250
2021-04-05 00:36:33.708000,4042.569,4042.154,1,2250
2021-04-05 00:36:33.758000,4042.867,4042.154,2250,2250
2021-04-05 00:36:34.111000,4042.564,4042.152,300,890
2021-04-05 00:36:34.161000,4042.558,4041.842,2250,2250
2021-04-05 00:36:46.810000,4042.548,4042.133,1,2250
2021-04-05 00:36:46.860000,4042.855,4042.148,2250,2250
2021-04-05 00:37:01.825000,4042.869,4042.336,1,2250
2021-04-05 00:37:01.876000,4043.058,4042.399,2250,2250
2021-04-05 00:37:28.529000,4042.846,4042.397,300,890
2021-04-05 00:37:28.580000,4042.861,4042.145,2250,2250
2021-04-05 00:37:29.972000,4042.866,4042.336,1,2250
2021-04-05 00:37:30.022000,4043.049,4042.348,2250,2250
2021-04-05 00:37:33.218000,4042.801,4042.331,300,890
2021-04-05 00:37:33.269000,4042.849,4042.154,2250,2250
2021-04-05 00:38:17.085000,4042.567,4042.152,300,890
2021-04-05 00:38:17.136000,4042.564,4041.833,2250,2250
2021-04-05 00:38:18.187000,4042.354,4041.845,1,2250
2021-04-05 00:38:18.237000,4042.352,4041.648,2250,2250
2021-04-05 00:38:19.793000,4042.048,4041.645,1,2250
2021-04-05 00:38:19.843000,4042.046,4041.345,2250,2250
2021-04-05 00:38:28.480000,4042.069,4041.642,1,2250
2021-04-05 00:38:28.531000,4042.352,4041.651,2250,2250
2021-04-05 00:38:52.394000,4042.348,4041.833,1,2250
2021-04-05 00:38:52.444000,4042.549,4041.836,2250,2250
2021-04-05 00:38:54.310000,4042.467,4041.834,300,890
2021-04-05 00:38:54.360000,4042.455,4041.742,2250,2250
2021-04-05 00:38:54.808000,4042.469,4041.833,1,2250
2021-04-05 00:38:54.858000,4042.558,4041.836,2250,2250
2021-04-05 00:38:55.563000,4042.367,4041.897,300,890
2021-04-05 00:38:55.613000,4042.349,4041.636,2250,2250
2021-04-05 00:39:10.924000,4042.058,4041.697,300,890
2021-04-05 00:39:10.974000,4042.058,4041.348,2250,2250
2021-04-05 00:39:16.354000,4042.046,4041.649,300,890
2021-04-05 00:39:16.405000,4042.352,4041.639,2250,2250
2021-04-05 00:39:16.835000,4042.058,4041.649,300,890
2021-04-05 00:39:16.885000,4042.046,4041.339,2250,2250
2021-04-05 00:39:18.792000,4042.063,4041.542,1,2250
2021-04-05 00:39:18.842000,4042.246,4041.551,2250,2250
2021-04-05 00:39:19.160000,4042.254,4041.636,1,2250
2021-04-05 00:39:19.210000,4042.367,4041.639,2250,2250
2021-04-05 00:39:19.467000,4042.264,4041.64,300,890
2021-04-05 00:39:19.518000,4042.252,4041.548,2250,2250
2021-04-05 00:39:19.787000,4042.266,4041.654,1,2250
2021-04-05 00:39:19.837000,4042.349,4041.648,2250,2250
2021-04-05 00:39:20.315000,4042.246,4041.643,300,890
2021-04-05 00:39:20.366000,4042.255,4041.548,2250,2250
2021-04-05 00:39:20.758000,4042.052,4041.546,300,890
2021-04-05 00:39:20.809000,4042.064,4041.345,2250,2250
2021-04-05 00:39:29.174000,4041.96,4041.399,1,2250
2021-04-05 00:39:29.224000,4041.961,4041.299,2250,2250
2021-04-05 00:39:35.415000,4041.957,4041.345,1,2250
2021-04-05 00:39:35.466000,4042.064,4041.342,2250,2250
2021-04-05 00:40:19.166000,4041.848,4041.342,1,2250
2021-04-05 00:40:19.216000,4041.867,4041.154,2250,2250
2021-04-05 00:40:29.953000,4041.301,4041.146,300,890
2021-04-05 00:40:30.003000,4041.349,4040.699,2250,2250
2021-04-05 00:40:41.003000,4041.558,4040.854,2250,2250
2021-04-05 00:40:41.539000,4041.449,4040.84,300,890
2021-04-05 00:40:41.590000,4041.455,4040.733,2250,2250
2021-04-05 00:40:42.033000,4041.451,4040.839,1,2250
2021-04-05 00:40:42.083000,4041.555,4040.899,2250,2250
2021-04-05 00:40:42.194000,4041.446,4040.846,300,890
2021-04-05 00:40:42.245000,4041.464,4040.736,2250,2250
2021-04-05 00:40:42.815000,4041.448,4040.833,1,2250
2021-04-05 00:40:42.866000,4041.564,4040.845,2250,2250
2021-04-05 00:40:44.016000,4041.364,4040.837,300,890
2021-04-05 00:40:44.067000,4041.352,4040.699,2250,2250
2021-04-05 00:40:44.473000,4041.36,4040.745,1,2250
2021-04-05 00:40:44.523000,4041.401,4040.733,2250,2250
2021-04-05 00:40:44.686000,4041.361,4040.731,300,890
2021-04-05 00:40:44.736000,4041.349,4040.645,2250,2250
2021-04-05 00:40:46.565000,4041.546,4040.848,2250,2250
2021-04-05 00:40:46.719000,4041.455,4040.84,300,890
2021-04-05 00:40:46.770000,4041.446,4040.733,2250,2250
2021-04-05 00:40:49.052000,4041.301,4040.746,300,890
2021-04-05 00:40:49.102000,4041.352,4040.639,2250,2250
2021-04-05 00:40:50.609000,4041.36,4040.842,1,2250
2021-04-05 00:40:50.659000,4041.564,4040.854,2250,2250
2021-04-05 00:40:50.781000,4041.449,4040.852,300,890
2021-04-05 00:40:50.831000,4041.464,4040.754,2250,2250
2021-04-05 00:40:52.703000,4041.463,4040.842,1,2250
2021-04-05 00:40:52.753000,4041.564,4040.854,2250,2250
2021-04-05 00:40:52.863000,4041.464,4040.846,300,890
2021-04-05 00:40:52.913000,4041.401,4040.751,2250,2250
2021-04-05 00:40:54.533000,4041.448,4040.854,1,2250
2021-04-05 00:40:54.583000,4041.552,4040.842,2250,2250
2021-04-05 00:40:57.914000,4041.467,4040.843,300,890
2021-04-05 00:40:57.964000,4041.458,4040.736,2250,2250
2021-04-05 00:40:59.677000,4041.301,4040.737,300,890
2021-04-05 00:40:59.728000,4041.301,4040.645,2250,2250
2021-04-05 00:40:59.839000,4041.303,4040.851,1,2250
2021-04-05 00:40:59.890000,4041.561,4040.854,2250,2250
2021-04-05 00:41:02.388000,4041.449,4040.843,300,890
2021-04-05 00:41:02.439000,4041.446,4040.733,2250,2250
2021-04-05 00:41:02.552000,4041.549,4040.854,2250,2250
2021-04-05 00:41:03.824000,4041.461,4040.852,300,890
2021-04-05 00:41:03.874000,4041.449,4040.733,2250,2250
2021-04-05 00:41:04.463000,4041.403,4040.836,1,2250
2021-04-05 00:41:04.514000,4041.552,4040.833,2250,2250
2021-04-05 00:41:04.804000,4041.449,4040.745,2250,2250
2021-04-05 00:41:04.960000,4041.463,4040.899,1,2250
2021-04-05 00:41:05.010000,4041.552,4040.899,2250,2250
2021-04-05 00:41:06.278000,4041.467,4040.897,300,890
2021-04-05 00:41:06.328000,4041.452,4040.733,2250,2250
2021-04-05 00:41:07.275000,4041.469,4040.848,1,2250
2021-04-05 00:41:07.326000,4041.555,4040.845,2250,2250
2021-04-05 00:41:15.475000,4041.352,4040.849,300,890
2021-04-05 00:41:15.526000,4041.367,4040.639,2250,2250
2021-04-05 00:41:16.748000,4041.363,4040.854,1,2250
2021-04-05 00:41:16.799000,4041.555,4040.833,2250,2250
2021-04-05 00:41:16.917000,4041.446,4040.834,300,890
2021-04-05 00:41:16.968000,4041.401,4040.799,2250,2250
2021-04-05 00:41:17.069000,4041.301,4040.654,2250,2250
2021-04-05 00:41:32.572000,4041.067,4040.643,300,890
2021-04-05 00:41:32.622000,4041.067,4040.339,2250,2250
2021-04-05 00:41:56.473000,4041.054,4040.651,1,2250
2021-04-05 00:41:56.523000,4041.358,4040.636,2250,2250
2021-04-05 00:42:09.573000,4041.303,4040.839,1,2250
2021-04-05 00:42:09.623000,4041.558,4040.839,2250,2250
2021-04-05 00:42:09.733000,4041.361,4040.846,300,890
2021-04-05 00:42:09.784000,4041.355,4040.642,2250,2250
2021-04-05 00:42:09.894000,4041.354,4040.845,1,2250
2021-04-05 00:42:09.945000,4041.555,4040.851,2250,2250
2021-04-05 00:42:15.867000,4041.363,4040.848,1,2250
2021-04-05 00:42:15.918000,4041.301,4040.648,2250,2250
2021-04-05 00:42:16.109000,4041.363,4040.739,1,2250
2021-04-05 00:42:16.159000,4041.467,4040.736,2250,2250
2021-04-05 00:42:16.256000,4041.463,4040.845,1,2250
2021-04-05 00:42:16.306000,4041.567,4040.845,2250,2250
2021-04-05 00:42:23.461000,4041.546,4041.146,300,890
2021-04-05 00:42:23.511000,4041.861,4041.133,2250,2250
2021-04-05 00:42:26.730000,4041.557,4041.142,1,2250
2021-04-05 00:42:26.781000,4041.561,4040.851,2250,2250
2021-04-05 00:42:31.806000,4041.564,4041.143,300,890
2021-04-05 00:42:31.856000,4041.801,4041.199,2250,2250
2021-04-05 00:42:34.424000,4041.746,4041.131,300,890
2021-04-05 00:42:34.474000,4041.755,4041.054,2250,2250
2021-04-05 00:42:37.695000,4041.748,4041.133,1,2250
2021-04-05 00:42:37.745000,4041.867,4041.133,2250,2250
2021-04-05 00:42:38.652000,4041.703,4041.133,1,2250
2021-04-05 00:42:38.703000,4041.755,4041.042,2250,2250
2021-04-05 00:42:39.306000,4041.763,4041.148,1,2250
2021-04-05 00:42:39.357000,4041.864,4041.199,2250,2250
2021-04-05 00:42:39.468000,4041.746,4041.131,300,890
2021-04-05 00:42:39.519000,4041.746,4041.036,2250,2250
2021-04-05 00:42:39.626000,4041.766,4041.145,1,2250
2021-04-05 00:42:39.677000,4041.852,4041.199,2250,2250
2021-04-05 00:42:45.444000,4041.552,4041.137,300,890
2021-04-05 00:42:45.494000,4041.549,4040.845,2250,2250
2021-04-05 00:42:48.230000,4041.503,4041.145,1,2250
2021-04-05 00:42:48.281000,4041.801,4041.133,2250,2250
2021-04-05 00:42:54.226000,4041.848,4041.333,1,2250
2021-04-05 00:42:54.277000,4042.067,4041.333,2250,2250
2021-04-05 00:43:08.864000,4041.861,4041.343,300,890
2021-04-05 00:43:08.915000,4041.864,4041.151,2250,2250
2021-04-05 00:43:24.087000,4041.851,4041.236,1,2250
2021-04-05 00:43:24.137000,4041.949,4041.242,2250,2250
2021-04-05 00:43:24.466000,4041.846,4041.237,300,890
2021-04-05 00:43:24.517000,4041.849,4041.199,2250,2250
2021-04-05 00:43:24.939000,4041.854,4041.251,1,2250
2021-04-05 00:43:24.990000,4041.949,4041.242,2250,2250
2021-04-05 00:43:25.098000,4041.963,4041.342,1,2250
2021-04-05 00:43:25.148000,4042.061,4041.354,2250,2250
2021-04-05 00:43:30.579000,4041.848,4041.339,1,2250
2021-04-05 00:43:30.629000,4041.849,4041.154,2250,2250
2021-04-05 00:43:33.192000,4041.803,4041.348,1,2250
2021-04-05 00:43:33.243000,4042.046,4041.348,2250,2250
2021-04-05 00:43:39.994000,4041.849,4041.331,300,890
2021-04-05 00:43:40.045000,4041.801,4041.154,2250,2250
2021-04-05 00:43:40.312000,4041.857,4041.254,1,2250
2021-04-05 00:43:40.362000,4041.964,4041.236,2250,2250
2021-04-05 00:43:40.912000,4041.966,4041.399,1,2250
2021-04-05 00:43:40.962000,4042.001,4041.345,2250,2250
2021-04-05 00:43:57.620000,4042.06,4041.554,1,2250
2021-04-05 00:43:57.670000,4042.264,4041.548,2250,2250
2021-04-05 00:43:57.909000,4042.055,4041.543,300,890
2021-04-05 00:43:57.959000,4042.064,4041.345,2250,2250
2021-04-05 00:43:58.584000,4042.064,4041.697,300,890
2021-04-05 00:43:58.634000,4042.301,4041.639,2250,2250
2021-04-05 00:44:13.362000,4042.366,4041.845,1,2250
2021-04-05 00:44:13.413000,4042.561,4041.842,2250,2250
2021-04-05 00:44:14.111000,4042.349,4041.84,300,890
2021-04-05 00:44:14.161000,4042.346,4041.645,2250,2250
2021-04-05 00:44:16.323000,4042.363,4041.748,1,2250
2021-04-05 00:44:16.373000,4042.464,4041.745,2250,2250
2021-04-05 00:44:16.482000,4042.448,4041.836,1,2250
2021-04-05 00:44:16.533000,4042.567,4041.842,2250,2250
2021-04-05 00:44:21.702000,4042.351,4041.854,1,2250
2021-04-05 00:44:21.753000,4042.355,4041.636,2250,2250
2021-04-05 00:44:44.132000,4042.351,4041.836,1,2250
2021-04-05 00:44:44.183000,4042.555,4041.839,2250,2250
2021-04-05 00:44:44.518000,4042.355,4041.834,300,890
2021-04-05 00:44:44.568000,4042.358,4041.651,2250,2250
2021-04-05 00:44:50.774000,4042.051,4041.636,1,2250
2021-04-05 00:44:50.824000,4042.049,4041.348,2250,2250
2021-04-05 00:44:54.958000,4042.057,4041.636,1,2250
2021-04-05 00:44:55.009000,4042.346,4041.699,2250,2250
2021-04-05 00:45:05.959000,4042.067,4041.631,300,890
2021-04-05 00:45:06.009000,4042.058,4041.348,2250,2250
2021-04-05 00:45:08.949000,4042.049,4041.631,300,890
2021-04-05 00:45:08.999000,4042.367,4041.699,2250,2250
2021-04-05 00:45:55.634000,4042.269,4041.699,1,2250
2021-04-05 00:45:55.685000,4042.249,4041.554,2250,2250
2021-04-05 00:45:57.873000,4042.266,4041.645,1,2250
2021-04-05 00:45:57.923000,4042.358,4041.642,2250,2250
2021-04-05 00:45:58.352000,4042.201,4041.649,300,890
2021-04-05 00:45:58.402000,4042.267,4041.599,2250,2250
2021-04-05 00:45:58.889000,4042.061,4041.534,300,890
2021-04-05 00:45:58.940000,4042.049,4041.354,2250,2250
2021-04-05 00:45:59.049000,4042.063,4041.654,1,2250
2021-04-05 00:45:59.100000,4042.301,4041.651,2250,2250
2021-04-05 00:46:16.458000,4042.066,4041.633,1,2250
2021-04-05 00:46:16.508000,4042.061,4041.339,2250,2250
2021-04-05 00:46:30.858000,4041.867,4041.397,300,890
2021-04-05 00:46:30.908000,4041.852,4041.139,2250,2250
2021-04-05 00:46:34.143000,4041.858,4041.343,300,890
2021-04-05 00:46:34.193000,4042.064,4041.345,2250,2250
2021-04-05 00:46:37.341000,4042.051,4041.645,1,2250
2021-04-05 00:46:37.391000,4042.361,4041.645,2250,2250
2021-04-05 00:46:37.501000,4042.064,4041.652,300,890
2021-04-05 00:46:37.551000,4042.052,4041.345,2250,2250
2021-04-05 00:46:55.936000,4042.051,4041.654,1,2250
2021-04-05 00:46:55.987000,4042.301,4041.633,2250,2250
2021-04-05 00:46:58.057000,4042.266,4041.636,1,2250
2021-04-05 00:46:58.107000,4042.246,4041.533,2250,2250
2021-04-05 00:46:58.666000,4042.257,4041.648,1,2250
2021-04-05 00:46:58.716000,4042.301,4041.633,2250,2250
2021-04-05 00:47:01.560000,4042.055,4041.652,300,890
2021-04-05 00:47:01.610000,4042.052,4041.333,2250,2250
2021-04-05 00:47:06.955000,4041.801,4041.397,300,890
2021-04-05 00:47:07.005000,4041.858,4041.199,2250,2250
2021-04-05 00:47:49.702000,4041.558,4041.14,300,890
2021-04-05 00:47:49.752000,4041.555,4040.845,2250,2250
2021-04-05 00:47:50.407000,4041.551,4041.139,1,2250
2021-04-05 00:47:50.457000,4041.849,4041.139,2250,2250
2021-04-05 00:48:07.087000,4041.848,4041.239,1,2250
2021-04-05 00:48:07.138000,4041.949,4041.233,2250,2250
2021-04-05 00:48:11.998000,4041.951,4041.339,1,2250
2021-04-05 00:48:12.049000,4042.058,4041.339,2250,2250
2021-04-05 00:48:45.934000,4041.858,4041.337,300,890
2021-04-05 00:48:45.985000,4041.855,4041.145,2250,2250
2021-04-05 00:48:53.418000,4041.564,4041.14,300,890
2021-04-05 00:48:53.468000,4041.561,4040.839,2250,2250
2021-04-05 00:49:03.986000,4041.561,4041.037,300,890
2021-04-05 00:49:04.037000,4041.701,4041.099,2250,2250
2021-04-05 00:49:04.148000,4041.758,4041.131,300,890
2021-04-05 00:49:04.198000,4041.846,4041.151,2250,2250
2021-04-05 00:49:08.434000,4041.558,4041.197,300,890
2021-04-05 00:49:08.485000,4041.555,4040.839,2250,2250
2021-04-05 00:49:20.061000,4041.569,4041.045,1,2250
2021-04-05 00:49:20.111000,4041.701,4041.099,2250,2250
2021-04-05 00:49:20.223000,4041.755,4041.14,300,890
2021-04-05 00:49:20.273000,4041.867,4041.148,2250,2250
2021-04-05 00:49:51.900000,4041.801,4041.297,300,890
2021-04-05 00:49:51.950000,4041.946,4041.299,2250,2250
2021-04-05 00:49:54.223000,4041.858,4041.234,300,890
2021-04-05 00:49:54.273000,4041.852,4041.139,2250,2250
2021-04-05 00:49:55.307000,4041.857,4041.245,1,2250
2021-04-05 00:49:55.357000,4041.961,4041.299,2250,2250
2021-04-05 00:49:55.627000,4041.849,4041.297,300,890
2021-04-05 00:49:55.678000,4041.858,4041.151,2250,2250
2021-04-05 00:50:08.148000,4041.855,4041.337,300,890
2021-04-05 00:50:08.198000,4042.067,4041.348,2250,2250
2021-04-05 00:50:09.277000,4041.86,4041.348,1,2250
2021-04-05 00:50:09.327000,4041.801,4041.142,2250,2250
2021-04-05 00:50:17.319000,4041.501,4041.146,300,890
2021-04-05 00:50:17.369000,4041.552,4040.899,2250,2250
2021-04-05 00:50:20.871000,4041.464,4040.751,2250,2250
2021-04-05 00:50:21.033000,4041.469,4040.836,1,2250
2021-04-05 00:50:21.083000,4041.567,4040.848,2250,2250
2021-04-05 00:50:25.898000,4041.358,4040.897,300,890
2021-04-05 00:50:25.948000,4041.367,4040.654,2250,2250
2021-04-05 00:50:27.277000,4041.364,4040.752,300,890
2021-04-05 00:50:27.327000,4041.401,4040.745,2250,2250
2021-04-05 00:50:27.761000,4041.403,4040.836,1,2250
2021-04-05 00:50:27.812000,4041.546,4040.842,2250,2250
2021-04-05 00:50:40.456000,4041.548,4041.154,1,2250
2021-04-05 00:50:40.506000,4041.858,4041.139,2250,2250
2021-04-05 00:50:43.369000,4041.56,4041.142,1,2250
2021-04-05 00:50:43.419000,4041.564,4040.899,2250,2250
2021-04-05 00:50:54.666000,4041.563,4041.142,1,2250
2021-04-05 00:50:54.717000,4041.846,4041.139,2250,2250
2021-04-05 00:50:55.404000,4041.566,4041.148,1,2250
2021-04-05 00:50:55.455000,4041.549,4040.839,2250,2250
2021-04-05 00:51:53.346000,4041.56,4041.148,1,2250
2021-04-05 00:51:53.397000,4041.861,4041.133,2250,2250
2021-04-05 00:51:59.348000,4041.861,4041.337,300,890
2021-04-05 00:51:59.398000,4042.058,4041.348,2250,2250
2021-04-05 00:52:13.948000,4041.855,4041.352,300,890
2021-04-05 00:52:13.998000,4041.864,4041.136,2250,2250
2021-04-05 00:52:30.397000,4041.566,4041.133,1,2250
2021-04-05 00:52:30.448000,4041.561,4040.848,2250,2250
2021-04-05 00:52:41.730000,4041.549,4041.14,300,890
2021-04-05 00:52:41.780000,4041.864,4041.142,2250,2250
2021-04-05 00:52:57.994000,4041.863,4041.354,1,2250
2021-04-05 00:52:58.045000,4042.064,4041.336,2250,2250
2021-04-05 00:53:07.430000,4042.054,4041.642,1,2250
2021-04-05 00:53:07.481000,4042.301,4041.651,2250,2250
2021-04-05 00:53:07.592000,4042.001,4041.643,300,890
2021-04-05 00:53:07.643000,4042.058,4041.351,2250,2250
2021-04-05 00:53:16.967000,4042.069,4041.648,1,2250
2021-04-05 00:53:17.017000,4042.301,4041.639,2250,2250
2021-04-05 00:53:52.808000,4042.369,4041.899,1,2250
2021-04-05 00:53:52.859000,4042.567,4041.845,2250,2250
2021-04-05 00:53:56.271000,4042.358,4041.846,300,890
2021-04-05 00:53:56.322000,4042.361,4041.645,2250,2250
2021-04-05 00:54:10.809000,4042.061,4041.646,300,890
2021-04-05 00:54:10.859000,4042.055,4041.342,2250,2250
2021-04-05 00:54:13.314000,4042.049,4041.64,300,890
2021-04-05 00:54:13.365000,4042.301,4041.645,2250,2250
2021-04-05 00:54:21.096000,4042.054,4041.633,1,2250
2021-04-05 00:54:21.147000,4042.052,4041.345,2250,2250
2021-04-05 00:54:53.195000,4042.054,4041.699,1,2250
2021-04-05 00:54:53.245000,4042.364,4041.651,2250,2250
2021-04-05 00:54:53.350000,4042.061,4041.637,300,890
2021-04-05 00:54:53.400000,4042.001,4041.399,2250,2250
2021-04-05 00:55:57.546000,4041.852,4041.337,300,890
2021-04-05 00:55:57.597000,4041.861,4041.133,2250,2250
2021-04-05 00:56:36.280000,4041.546,4041.14,300,890
2021-04-05 00:56:36.331000,4041.567,4040.836,2250,2250
2021-04-05 00:56:41.700000,4041.358,4040.636,2250,2250
2021-04-05 00:56:42.337000,4041.354,4040.842,1,2250
2021-04-05 00:56:42.387000,4041.549,4040.851,2250,2250
2021-04-05 00:56:58.531000,4041.451,4040.842,1,2250
2021-04-05 00:56:58.582000,4041.464,4040.754,2250,2250
2021-04-05 00:56:58.689000,4041.46,4040.899,1,2250
2021-04-05 00:56:58.739000,4041.552,4040.854,2250,2250
2021-04-05 00:56:58.863000,4041.348,4040.842,1,2250
2021-04-05 00:56:58.914000,4041.355,4040.636,2250,2250
2021-04-05 00:57:05.988000,4041.057,4040.639,1,2250
2021-04-05 00:57:06.039000,4041.049,4040.399,2250,2250
2021-04-05 00:57:06.145000,4041.054,4040.645,1,2250
2021-04-05 00:57:06.195000,4041.367,4040.654,2250,2250
2021-04-05 00:57:09.663000,4041.355,4040.849,300,890
2021-04-05 00:57:09.714000,4041.549,4040.848,2250,2250
2021-04-05 00:57:51.141000,4041.346,4040.837,300,890
2021-04-05 00:57:51.191000,4041.367,4040.633,2250,2250
2021-04-05 00:58:01.133000,4041.366,4040.851,1,2250
2021-04-05 00:58:01.183000,4041.501,4040.839,2250,2250
2021-04-05 00:58:33.544000,4041.558,4041.097,300,890
2021-04-05 00:58:33.595000,4041.752,4041.039,2250,2250
2021-04-05 00:58:33.704000,4041.761,4041.14,300,890
2021-04-05 00:58:33.755000,4041.858,4041.154,2250,2250
2021-04-05 00:58:46.433000,4041.864,4041.334,300,890
2021-04-05 00:58:46.483000,4042.067,4041.333,2250,2250
2021-04-05 00:59:18.536000,4041.846,4041.331,300,890
2021-04-05 00:59:18.586000,4041.858,4041.139,2250,2250
2021-04-05 00:59:20.835000,4041.86,4041.339,1,2250
2021-04-05 00:59:20.885000,4042.058,4041.345,2250,2250
2021-04-05 00:59:25.598000,4041.964,4041.397,300,890
2021-04-05 00:59:25.648000,4041.964,4041.242,2250,2250
2021-04-05 00:59:25.757000,4041.867,4041.234,300,890
2021-04-05 00:59:25.807000,4041.861,4041.148,2250,2250
2021-04-05 00:59:26.855000,4041.86,4041.339,1,2250
2021-04-05 00:59:26.905000,4042.067,4041.348,2250,2250
2021-04-05 00:59:27.017000,4041.846,4041.34,300,890
2021-04-05 00:59:27.067000,4041.867,4041.136,2250,2250
2021-04-05 00:59:40.222000,4041.567,4041.131,300,890
2021-04-05 00:59:40.273000,4041.549,4040.848,2250,2250
2021-04-05 00:59:45.685000,4041.557,4041.142,1,2250
2021-04-05 00:59:45.736000,4041.861,4041.154,2250,2250
2021-04-05 00:59:45.835000,4041.549,4041.149,300,890
2021-04-05 00:59:45.886000,4041.567,4040.842,2250,2250
2021-04-05 01:00:16.058000,4041.564,4041.131,300,890
2021-04-05 01:00:16.108000,4041.858,4041.154,2250,2250
2021-04-05 01:00:18.638000,4041.564,4041.137,300,890
2021-04-05 01:00:18.688000,4041.564,4040.839,2250,2250
2021-04-05 01:00:55.663000,4041.354,4040.854,1,2250
2021-04-05 01:00:55.713000,4041.364,4040.651,2250,2250
2021-04-05 01:00:56.647000,4041.348,4040.751,1,2250
2021-04-05 01:00:56.697000,4041.401,4040.736,2250,2250
2021-04-05 01:01:00.168000,4041.352,4040.731,300,890
2021-04-05 01:01:00.218000,4041.346,4040.642,2250,2250
2021-04-05 01:01:00.880000,4041.369,4040.733,1,2250
2021-04-05 01:01:00.930000,4041.452,4040.736,2250,2250
2021-04-05 01:01:01.045000,4041.36,4040.748,1,2250
2021-04-05 01:01:01.095000,4041.364,4040.642,2250,2250
2021-04-05 01:01:02.393000,4041.357,4040.848,1,2250
2021-04-05 01:01:02.444000,4041.501,4040.848,2250,2250
2021-04-05 01:01:03.006000,4041.363,4040.836,1,2250
2021-04-05 01:01:03.056000,4041.355,4040.645,2250,2250
2021-04-05 01:01:05.332000,4041.363,4040.899,1,2250
2021-04-05 01:01:05.382000,4041.552,4040.842,2250,2250
2021-04-05 01:01:11.565000,4041.352,4040.852,300,890
2021-04-05 01:01:11.615000,4041.301,4040.651,2250,2250
2021-04-05 01:01:37.272000,4041.055,4040.631,300,890
2021-04-05 01:01:37.323000,4041.064,4040.336,2250,2250
2021-04-05 01:01:37.796000,4041.066,4040.633,1,2250
2021-04-05 01:01:37.846000,4041.301,4040.648,2250,2250
2021-04-05 01:01:38.739000,4041.269,4040.639,1,2250
2021-04-05 01:01:38.789000,4041.201,4040.545,2250,2250
2021-04-05 01:01:38.903000,4041.203,4040.651,1,2250
2021-04-05 01:01:38.954000,4041.364,4040.633,2250,2250
2021-04-05 01:02:02.963000,4041.351,4040.839,1,2250
2021-04-05 01:02:03.013000,4041.558,4040.854,2250,2250
2021-04-05 01:02:03.839000,4041.361,4040.843,300,890
2021-04-05 01:02:03.890000,4041.346,4040.642,2250,2250
2021-04-05 01:02:10.855000,4041.301,4040.849,300,890
2021-04-05 01:02:10.905000,4041.567,4040.833,2250,2250
2021-04-05 01:02:12.891000,4041.452,4040.897,300,890
2021-04-05 01:02:12.941000,4041.467,4040.751,2250,2250
2021-04-05 01:02:13.313000,4041.363,4040.739,1,2250
2021-04-05 01:02:13.363000,4041.358,4040.633,2250,2250
2021-04-05 01:02:21.070000,4041.351,4040.748,1,2250
2021-04-05 01:02:21.120000,4041.446,4040.748,2250,2250
2021-04-05 01:02:21.230000,4041.448,4040.848,1,2250
2021-04-05 01:02:21.280000,4041.564,4040.848,2250,2250
2021-04-05 01:03:00.755000,4041.361,4040.84,300,890
2021-04-05 01:03:00.805000,4041.301,4040.645,2250,2250
2021-04-05 01:03:12.776000,4041.267,4040.697,300,890
2021-04-05 01:03:12.826000,4041.249,4040.533,2250,2250
2021-04-05 01:03:12.941000,4041.266,4040.636,1,2250
2021-04-05 01:03:12.992000,4041.301,4040.639,2250,2250
2021-04-05 01:03:19.258000,4041.049,4040.643,300,890
2021-04-05 01:03:19.308000,4041.055,4040.336,2250,2250
2021-04-05 01:03:20.000000,4041.06,4040.642,1,2250
2021-04-05 01:03:20.050000,4041.364,4040.639,2250,2250
2021-04-05 01:03:21.021000,4041.269,4040.648,1,2250
2021-04-05 01:03:21.071000,4041.255,4040.533,2250,2250
2021-04-05 01:03:21.438000,4041.067,4040.534,300,890
2021-04-05 01:03:21.488000,4041.052,4040.333,2250,2250
2021-04-05 01:03:27.099000,4041.06,4040.636,1,2250
2021-04-05 01:03:27.150000,4041.349,4040.633,2250,2250
2021-04-05 01:03:27.472000,4041.048,4040.642,1,2250
2021-04-05 01:03:27.522000,4041.055,4040.333,2250,2250
2021-04-05 01:03:55.663000,4040.846,4040.349,300,890
2021-04-05 01:03:55.714000,4040.864,4040.199,2250,2250
2021-04-05 01:04:05.884000,4040.866,4040.399,1,2250
2021-04-05 01:04:05.934000,4041.001,4040.354,2250,2250
2021-04-05 01:04:30.782000,4041.051,4040.645,1,2250
2021-04-05 01:04:30.832000,4041.358,4040.648,2250,2250
2021-04-05 01:04:32.009000,4041.067,4040.697,300,890
2021-04-05 01:04:32.059000,4041.061,4040.399,2250,2250
2021-04-05 01:04:32.712000,4041.057,4040.542,1,2250
2021-04-05 01:04:32.763000,4041.249,4040.554,2250,2250
2021-04-05 01:04:34.170000,4041.049,4040.597,300,890
2021-04-05 01:04:34.220000,4041.001,4040.348,2250,2250
2021-04-05 01:04:35.078000,4040.848,4040.336,1,2250
2021-04-05 01:04:35.128000,4040.801,4040.145,2250,2250
2021-04-05 01:04:37.007000,4040.855,4040.343,300,890
2021-04-05 01:04:37.057000,4041.046,4040.345,2250,2250
2021-04-05 01:05:16.894000,4040.969,4040.354,1,2250
2021-04-05 01:05:16.944000,4040.946,4040.248,2250,2250
2021-04-05 01:05:17.526000,4040.957,4040.348,1,2250
2021-04-05 01:05:17.577000,4041.058,4040.354,2250,2250
2021-04-05 01:06:15.539000,4040.867,4040.346,300,890
2021-04-05 01:06:15.589000,4040.801,4040.133,2250,2250
2021-04-05 01:06:23.385000,4040.86,4040.342,1,2250
2021-04-05 01:06:23.436000,4041.049,4040.345,2250,2250
2021-04-05 01:06:44.148000,4040.861,4040.343,300,890
2021-04-05 01:06:44.198000,4040.855,4040.145,2250,2250
2021-04-05 01:06:56.114000,4040.866,4040.333,1,2250
2021-04-05 01:06:56.164000,4041.049,4040.333,2250,2250
2021-04-05 01:07:23.628000,4041.001,4040.649,300,890
2021-04-05 01:07:23.678000,4041.358,4040.639,2250,2250
2021-04-05 01:07:44.941000,4041.054,4040.639,1,2250
2021-04-05 01:07:44.992000,4041.061,4040.336,2250,2250
2021-04-05 01:07:56.722000,4041.069,4040.645,1,2250
2021-04-05 01:07:56.773000,4041.352,4040.645,2250,2250
2021-04-05 01:07:58.814000,4041.049,4040.697,300,890
2021-04-05 01:07:58.865000,4041.001,4040.345,2250,2250
2021-04-05 01:08:04.570000,4041.058,4040.54,300,890
2021-04-05 01:08:04.620000,4041.264,4040.599,2250,2250
2021-04-05 01:08:05.724000,4041.049,4040.534,300,890
2021-04-05 01:08:05.774000,4041.001,4040.399,2250,2250
2021-04-05 01:08:08.803000,4041.064,4040.631,300,890
2021-04-05 01:08:08.853000,4041.367,4040.642,2250,2250
2021-04-05 01:08:15.696000,4041.051,4040.651,1,2250
2021-04-05 01:08:15.747000,4041.064,4040.399,2250,2250
2021-04-05 01:08:37.359000,4041.048,4040.651,1,2250
2021-04-05 01:08:37.409000,4041.364,4040.636,2250,2250
2021-04-05 01:08:49.347000,4041.057,4040.699,1,2250
2021-04-05 01:08:49.397000,4041.058,4040.336,2250,2250
2021-04-05 01:08:54.512000,4041.055,4040.643,300,890
2021-04-05 01:08:54.562000,4041.301,4040.633,2250,2250
2021-04-05 01:08:56.643000,4041.061,4040.643,300,890
2021-04-05 01:08:56.694000,4041.046,4040.342,2250,2250
2021-04-05 01:08:57.500000,4041.048,4040.548,1,2250
2021-04-05 01:08:57.550000,4041.267,4040.536,2250,2250
2021-04-05 01:09:00.228000,4041.048,4040.533,1,2250
2021-04-05 01:09:00.278000,4041.049,4040.348,2250,2250
2021-04-05 01:09:13.142000,4040.857,4040.342,1,2250
2021-04-05 01:09:13.193000,4040.849,4040.145,2250,2250
2021-04-05 01:09:21.303000,4040.846,4040.346,300,890
2021-04-05 01:09:21.354000,4041.052,4040.336,2250,2250
2021-04-05 01:10:22.439000,4041.058,4040.649,300,890
2021-04-05 01:10:22.489000,4041.301,4040.636,2250,2250
2021-04-05 01:10:37.403000,4041.055,4040.646,300,890
2021-04-05 01:10:37.453000,4041.058,4040.345,2250,2250
2021-04-05 01:10:39.316000,4041.051,4040.639,1,2250
2021-04-05 01:10:39.366000,4041.301,4040.645,2250,2250
2021-04-05 01:10:41.424000,4041.203,4040.639,1,2250
2021-04-05 01:10:41.474000,4041.255,4040.554,2250,2250
2021-04-05 01:10:42.659000,4041.269,4040.651,1,2250
2021-04-05 01:10:42.709000,4041.349,4040.645,2250,2250
2021-04-05 01:10:56.626000,4041.055,4040.649,300,890
2021-04-05 01:10:56.676000,4041.046,4040.354,2250,2250
2021-04-05 01:11:05.533000,4040.857,4040.342,1,2250
2021-04-05 01:11:05.583000,4040.861,4040.133,2250,2250
2021-04-05 01:11:11.595000,4040.803,4040.348,1,2250
2021-04-05 01:11:11.646000,4041.067,4040.342,2250,2250
2021-04-05 01:11:16.824000,4040.846,4040.349,300,890
2021-04-05 01:11:16.875000,4040.867,4040.148,2250,2250
2021-04-05 01:12:05.857000,4040.863,4040.336,1,2250
2021-04-05 01:12:05.907000,4041.058,4040.351,2250,2250
2021-04-05 01:13:01.613000,4040.852,4040.334,300,890
2021-04-05 01:13:01.664000,4040.864,4040.199,2250,2250
2021-04-05 01:13:10.164000,4040.855,4040.352,300,890
2021-04-05 01:13:10.214000,4041.046,4040.333,2250,2250
2021-04-05 01:14:34.671000,4040.869,4040.345,1,2250
2021-04-05 01:14:34.721000,4040.849,4040.151,2250,2250
2021-04-05 01:15:19.695000,4040.546,4040.14,300,890
2021-04-05 01:15:19.746000,4040.558,4039.839,2250,2250
2021-04-05 01:15:21.563000,4040.567,4040.149,300,890
2021-04-05 01:15:21.613000,4040.864,4040.139,2250,2250
2021-04-05 01:15:42.522000,4041.064,4040.345,2250,2250
2021-04-05 01:15:44.802000,4040.801,4040.343,300,890
2021-04-05 01:15:44.853000,4040.855,4040.136,2250,2250
2021-04-05 01:15:47.742000,4040.848,4040.351,1,2250
2021-04-05 01:15:47.793000,4041.052,4040.348,2250,2250
2021-04-05 01:15:49.512000,4040.866,4040.348,1,2250
2021-04-05 01:15:49.562000,4040.858,4040.139,2250,2250
2021-04-05 01:16:03.232000,4040.858,4040.346,300,890
2021-04-05 01:16:03.283000,4041.061,4040.354,2250,2250
2021-04-05 01:16:03.383000,4040.851,4040.348,1,2250
2021-04-05 01:16:03.434000,4040.801,4040.139,2250,2250
2021-04-05 01:16:49.440000,4040.846,4040.337,300,890
2021-04-05 01:16:49.490000,4041.067,4040.354,2250,2250
2021-04-05 01:16:49.646000,4040.846,4040.352,300,890
2021-04-05 01:16:49.697000,4040.801,4040.148,2250,2250
2021-04-05 01:18:30.947000,4040.861,4040.397,300,890
2021-04-05 01:18:30.998000,4041.061,4040.333,2250,2250
2021-04-05 01:19:01.079000,4040.801,4040.34,300,890
2021-04-05 01:19:01.130000,4040.849,4040.136,2250,2250
2021-04-05 01:19:29.131000,4040.561,4040.14,300,890
2021-04-05 01:19:29.181000,4040.546,4039.842,2250,2250
2021-04-05 01:19:44.377000,4040.367,4039.846,300,890
2021-04-05 01:19:44.427000,4040.352,4039.699,2250,2250
2021-04-05 01:20:09.444000,4040.046,4039.697,300,890
2021-04-05 01:20:09.494000,4040.058,4039.339,2250,2250
2021-04-05 01:20:57.410000,4040.057,4039.642,1,2250
2021-04-05 01:20:57.460000,4040.301,4039.645,2250,2250
2021-04-05 01:21:41.798000,4040.369,4039.845,1,2250
2021-04-05 01:21:41.848000,4040.558,4039.848,2250,2250
2021-04-05 01:21:45.458000,4040.567,4040.146,300,890
2021-04-05 01:21:45.508000,4040.861,4040.139,2250,2250
2021-04-05 01:22:29.236000,4040.564,4040.134,300,890
2021-04-05 01:22:29.287000,4040.501,4039.854,2250,2250
2021-04-05 01:22:34.719000,4040.56,4040.139,1,2250
2021-04-05 01:22:34.770000,4040.801,4040.136,2250,2250
2021-04-05 01:22:54.529000,4040.549,4040.134,300,890
2021-04-05 01:22:54.579000,4040.555,4039.848,2250,2250
2021-04-05 01:22:58.257000,4040.563,4040.054,1,2250
2021-04-05 01:22:58.307000,4040.746,4040.033,2250,2250
2021-04-05 01:22:58.416000,4040.751,4040.142,1,2250
2021-04-05 01:22:58.467000,4040.801,4040.139,2250,2250
2021-04-05 01:23:08.457000,4040.557,4040.142,1,2250
2021-04-05 01:23:08.507000,4040.552,4039.899,2250,2250
2021-04-05 01:23:53.053000,4040.452,4039.849,300,890
2021-04-05 01:23:53.104000,4040.455,4039.751,2250,2250
2021-04-05 01:23:54.871000,4040.358,4039.749,300,890
2021-04-05 01:23:54.921000,4040.361,4039.654,2250,2250
2021-04-05 01:23:55.032000,4040.363,4039.899,1,2250
2021-04-05 01:23:55.082000,4040.558,4039.899,2250,2250
2021-04-05 01:24:03.954000,4040.301,4039.834,300,890
2021-04-05 01:24:04.005000,4040.367,4039.654,2250,2250
2021-04-05 01:24:20.433000,4040.366,4039.839,1,2250
2021-04-05 01:24:20.484000,4040.501,4039.899,2250,2250
2021-04-05 01:24:44.213000,4040.546,4040.146,300,890
2021-04-05 01:24:44.264000,4040.852,4040.133,2250,2250
2021-04-05 01:25:06.720000,4040.864,4040.343,300,890
2021-04-05 01:25:06.771000,4041.052,4040.399,2250,2250
2021-04-05 01:25:07.197000,4040.857,4040.333,1,2250
2021-04-05 01:25:07.247000,4040.867,4040.133,2250,2250
2021-04-05 01:25:07.352000,4040.564,4040.143,300,890
2021-04-05 01:25:07.402000,4040.555,4039.836,2250,2250
2021-04-05 01:25:19.082000,4040.36,4039.851,1,2250
2021-04-05 01:25:19.132000,4040.355,4039.639,2250,2250
2021-04-05 01:25:33.325000,4040.348,4039.848,1,2250
2021-04-05 01:25:33.376000,4040.564,4039.839,2250,2250
2021-04-05 01:25:52.923000,4040.357,4039.848,1,2250
2021-04-05 01:25:52.973000,4040.352,4039.645,2250,2250
2021-04-05 01:26:04.788000,4040.055,4039.637,300,890
2021-04-05 01:26:04.838000,4040.055,4039.354,2250,2250
2021-04-05 01:26:05.893000,4040.063,4039.699,1,2250
2021-04-05 01:26:05.944000,4040.358,4039.651,2250,2250
2021-04-05 01:26:28.656000,4040.354,4039.836,1,2250
2021-04-05 01:26:28.706000,4040.501,4039.842,2250,2250
2021-04-05 01:26:32.151000,4040.458,4039.852,300,890
2021-04-05 01:26:32.202000,4040.401,4039.799,2250,2250
2021-04-05 01:26:32.316000,4040.352,4039.731,300,890
2021-04-05 01:26:32.366000,4040.352,4039.645,2250,2250
2021-04-05 01:27:25.558000,4040.057,4039.654,1,2250
2021-04-05 01:27:25.608000,4040.001,4039.354,2250,2250
2021-04-05 01:27:48.577000,4040.055,4039.643,300,890
2021-04-05 01:27:48.628000,4040.352,4039.651,2250,2250
2021-04-05 01:28:04.794000,4040.049,4039.64,300,890
2021-04-05 01:28:04.844000,4040.055,4039.333,2250,2250
2021-04-05 01:28:54.375000,4040.063,4039.642,1,2250
2021-04-05 01:28:54.426000,4040.367,4039.639,2250,2250
2021-04-05 01:28:54.476000,4039.801,4039.154,2250,2250
2021-04-05 01:29:05.067000,4039.852,4039.349,300,890
2021-04-05 01:29:05.117000,4040.061,4039.336,2250,2250
2021-04-05 01:29:05.231000,4039.864,4039.352,300,890
2021-04-05 01:29:05.281000,4039.867,4039.136,2250,2250
2021-04-05 01:29:08.774000,4039.858,4039.337,300,890
2021-04-05 01:29:08.825000,4040.046,4039.348,2250,2250
2021-04-05 01:29:28.245000,4039.951,4039.399,1,2250
2021-04-05 01:29:28.296000,4039.901,4039.233,2250,2250
2021-04-05 01:29:28.660000,4039.966,4039.345,1,2250
2021-04-05 01:29:28.711000,4040.052,4039.342,2250,2250
2021-04-05 01:29:34.561000,4039.851,4039.354,1,2250
2021-04-05 01:29:34.611000,4039.855,4039.142,2250,2250
2021-04-05 01:30:21.004000,4039.555,4039.134,300,890
2021-04-05 01:30:21.055000,4039.552,4038.839,2250,2250
2021-04-05 01:30:33.168000,4039.558,4039.131,300,890
2021-04-05 01:30:33.219000,4039.852,4039.151,2250,2250
2021-04-05 01:30:40.588000,4039.501,4039.137,300,890
2021-04-05 01:30:40.638000,4039.555,4038.833,2250,2250
2021-04-05 01:30:42.090000,4039.551,4039.199,1,2250
2021-04-05 01:30:42.140000,4039.867,4039.199,2250,2250
2021-04-05 01:30:49.218000,4039.546,4039.14,300,890
2021-04-05 01:30:49.268000,4039.549,4038.842,2250,2250
2021-04-05 01:30:51.204000,4039.552,4039.134,300,890
2021-04-05 01:30:51.255000,4039.861,4039.133,2250,2250
2021-04-05 01:31:00.993000,4039.858,4039.343,300,890
2021-04-05 01:31:01.044000,4040.055,4039.351,2250,2250
2021-04-05 01:32:09.165000,4039.857,4039.399,1,2250
2021-04-05 01:32:09.216000,4039.858,4039.136,2250,2250
2021-04-05 01:32:26.033000,4039.501,4039.146,300,890
2021-04-05 01:32:26.084000,4039.561,4038.839,2250,2250
2021-04-05 01:32:26.208000,4039.564,4039.152,300,890
2021-04-05 01:32:26.258000,4039.801,4039.133,2250,2250
2021-04-05 01:32:40.797000,4039.566,4039.199,1,2250
2021-04-05 01:32:40.847000,4039.501,4038.899,2250,2250
2021-04-05 01:33:47.428000,4039.557,4039.136,1,2250
2021-04-05 01:33:47.478000,4039.852,4039.154,2250,2250
2021-04-05 01:33:51.135000,4039.549,4039.149,300,890
2021-04-05 01:33:51.186000,4039.558,4038.899,2250,2250
2021-04-05 01:35:03.415000,4039.569,4039.139,1,2250
2021-04-05 01:35:03.466000,4039.849,4039.133,2250,2250
2021-04-05 01:35:54.684000,4039.561,4039.152,300,890
2021-04-05 01:35:54.735000,4039.555,4038.842,2250,2250
2021-04-05 01:36:34.637000,4039.566,4039.148,1,2250
2021-04-05 01:36:34.688000,4039.864,4039.154,2250,2250
2021-04-05 01:37:15.536000,4039.861,4039.343,300,890
2021-04-05 01:37:15.587000,4040.055,4039.351,2250,2250
2021-04-05 01:37:18.265000,4039.846,4039.352,300,890
2021-04-05 01:37:18.315000,4039.846,4039.199,2250,2250
2021-04-05 01:37:49.063000,4039.854,4039.345,1,2250
2021-04-05 01:37:49.114000,4040.058,4039.345,2250,2250
2021-04-05 01:38:02.268000,4039.855,4039.349,300,890
2021-04-05 01:38:02.318000,4039.852,4039.154,2250,2250
2021-04-05 01:38:08.484000,4039.867,4039.331,300,890
2021-04-05 01:38:08.535000,4040.061,4039.333,2250,2250
2021-04-05 01:38:13.617000,4039.852,4039.151,2250,2250
2021-04-05 01:38:13.766000,4039.867,4039.331,300,890
2021-04-05 01:38:13.817000,4040.055,4039.399,2250,2250
2021-04-05 01:38:17.923000,4039.801,4039.349,300,890
2021-04-05 01:38:17.973000,4039.852,4039.139,2250,2250
2021-04-05 01:38:24.398000,4039.852,4039.234,300,890
2021-04-05 01:38:24.448000,4039.946,4039.248,2250,2250
2021-04-05 01:38:24.553000,4039.948,4039.399,1,2250
2021-04-05 01:38:24.603000,4040.049,4039.333,2250,2250
2021-04-05 01:38:47.295000,4039.866,4039.348,1,2250
2021-04-05 01:38:47.345000,4039.852,4039.154,2250,2250
2021-04-05 01:38:51.645000,4039.848,4039.399,1,2250
2021-04-05 01:38:51.696000,4040.049,4039.348,2250,2250
2021-04-05 01:38:55.169000,4039.955,4039.34,300,890
2021-04-05 01:38:55.220000,4039.901,4039.236,2250,2250
2021-04-05 01:38:57.522000,4039.969,4039.348,1,2250
2021-04-05 01:38:57.573000,4040.064,4039.345,2250,2250
2021-04-05 01:39:14.075000,4039.958,4039.343,300,890
2021-04-05 01:39:14.125000,4039.901,4039.251,2250,2250
2021-04-05 01:39:14.226000,4039.851,4039.242,1,2250
2021-04-05 01:39:14.276000,4039.846,4039.139,2250,2250
2021-04-05 01:39:24.537000,4039.869,4039.345,1,2250
2021-04-05 01:39:24.587000,4040.052,4039.348,2250,2250
2021-04-05 01:39:50.841000,4039.864,4039.352,300,890
2021-04-05 01:39:50.891000,4039.864,4039.145,2250,2250
2021-04-05 01:40:36.473000,4039.758,4039.143,300,890
2021-04-05 01:40:36.523000,4039.746,4039.036,2250,2250
2021-04-05 01:40:37.251000,4039.757,4039.154,1,2250
2021-04-05 01:40:37.301000,4039.801,4039.139,2250,2250
2021-04-05 01:40:37.414000,4039.701,4039.134,300,890
2021-04-05 01:40:37.464000,4039.755,4039.042,2250,2250
2021-04-05 01:40:39.647000,4039.769,4039.145,1,2250
2021-04-05 01:40:39.698000,4039.861,4039.154,2250,2250
2021-04-05 01:43:34.456000,4039.546,4039.197,300,890
2021-04-05 01:43:34.507000,4039.501,4038.839,2250,2250
2021-04-05 01:43:41.790000,4039.501,4039.143,300,890
2021-04-05 01:43:41.840000,4039.858,4039.133,2250,2250
2021-04-05 01:44:20.872000,4039.564,4039.197,300,890
2021-04-05 01:44:20.922000,4039.567,4038.836,2250,2250
2021-04-05 01:44:41.003000,4039.348,4038.899,1,2250
2021-04-05 01:44:41.053000,4039.358,4038.645,2250,2250
2021-04-05 01:45:04.801000,4039.055,4038.637,300,890
2021-04-05 01:45:04.852000,4039.064,4038.354,2250,2250
2021-04-05 01:45:30.038000,4038.957,4038.342,1,2250
2021-04-05 01:45:30.088000,4038.955,4038.254,2250,2250
2021-04-05 01:45:30.194000,4038.954,4038.345,1,2250
2021-04-05 01:45:30.245000,4039.058,4038.354,2250,2250
2021-04-05 01:45:33.966000,4039.048,4038.645,1,2250
2021-04-05 01:45:34.016000,4039.355,4038.654,2250,2250
2021-04-05 01:45:49.891000,4039.303,4038.848,1,2250
2021-04-05 01:45:49.941000,4039.564,4038.839,2250,2250
2021-04-05 01:46:00.104000,4039.552,4039.14,300,890
2021-04-05 01:46:00.155000,4039.855,4039.151,2250,2250
2021-04-05 01:46:43.955000,4039.803,4039.336,1,2250
2021-04-05 01:46:44.006000,4040.055,4039.351,2250,2250
2021-04-05 01:47:16.181000,4040.067,4039.64,300,890
2021-04-05 01:47:16.232000,4040.361,4039.699,2250,2250
2021-04-05 01:47:46.359000,4040.366,4039.899,1,2250
2021-04-05 01:47:46.410000,4040.549,4039.899,2250,2250
2021-04-05 01:47:46.828000,4040.351,4039.854,1,2250
2021-04-05 01:47:46.879000,4040.349,4039.639,2250,2250
2021-04-05 01:48:02.647000,4040.054,4039.639,1,2250
2021-04-05 01:48:02.697000,4040.064,4039.342,2250,2250
2021-04-05 01:48:02.807000,4040.054,4039.651,1,2250
2021-04-05 01:48:02.858000,4040.361,4039.642,2250,2250
2021-04-05 01:48:30.973000,4040.348,4039.845,1,2250
2021-04-05 01:48:31.023000,4040.564,4039.854,2250,2250
2021-04-05 01:50:47.920000,4040.303,4039.845,1,2250
2021-04-05 01:50:47.970000,4040.346,4039.648,2250,2250
2021-04-05 01:51:09.214000,4040.369,4039.851,1,2250
2021-04-05 01:51:09.264000,4040.549,4039.899,2250,2250
2021-04-05 01:51:29.884000,4040.301,4039.831,300,890
2021-04-05 01:51:29.934000,4040.346,4039.654,2250,2250
2021-04-05 01:51:47.956000,4040.055,4039.646,300,890
2021-04-05 01:51:48.006000,4040.064,4039.351,2250,2250
2021-04-05 01:52:22.251000,4040.055,4039.652,300,890
2021-04-05 01:52:22.301000,4040.352,4039.642,2250,2250
2021-04-05 01:52:40.561000,4040.067,4039.637,300,890
2021-04-05 01:52:40.612000,4040.001,4039.333,2250,2250
2021-04-05 01:52:52.540000,4039.849,4039.397,300,890
2021-04-05 01:52:52.590000,4039.846,4039.136,2250,2250
2021-04-05 01:52:53.618000,4039.863,4039.351,1,2250
2021-04-05 01:52:53.669000,4040.052,4039.342,2250,2250
2021-04-05 01:53:15.114000,4040.066,4039.633,1,2250
2021-04-05 01:53:15.164000,4040.301,4039.636,2250,2250
2021-04-05 01:53:15.274000,4040.061,4039.637,300,890
2021-04-05 01:53:15.324000,4040.058,4039.339,2250,2250
2021-04-05 01:53:19.334000,4040.054,4039.645,1,2250
2021-04-05 01:53:19.384000,4040.361,4039.639,2250,2250
2021-04-05 01:53:41.666000,4040.249,4039.637,300,890
2021-04-05 01:53:41.717000,4040.258,4039.542,2250,2250
2021-04-05 01:53:42.213000,4040.248,4039.651,1,2250
2021-04-05 01:53:42.263000,4040.355,4039.648,2250,2250
2021-04-05 01:53:44.104000,4040.052,4039.634,300,890
2021-04-05 01:53:44.155000,4040.001,4039.399,2250,2250
2021-04-05 01:53:44.689000,4040.064,4039.649,300,890
2021-04-05 01:53:44.739000,4040.358,4039.699,2250,2250
2021-04-05 01:54:03.859000,4040.001,4039.631,300,890
2021-04-05 01:54:03.910000,4040.058,4039.348,2250,2250
2021-04-05 01:54:39.225000,4039.867,4039.331,300,890
2021-04-05 01:54:39.275000,4039.858,4039.145,2250,2250
2021-04-05 01:54:50.279000,4039.803,4039.348,1,2250
2021-04-05 01:54:50.329000,4040.061,4039.351,2250,2250
2021-04-05 01:54:54.865000,4040.003,4039.545,1,2250
2021-04-05 01:54:54.915000,4040.261,4039.548,2250,2250
2021-04-05 01:54:56.283000,4040.061,4039.537,300,890
2021-04-05 01:54:56.333000,4040.055,4039.336,2250,2250
2021-04-05 01:55:00.496000,4040.067,4039.646,300,890
2021-04-05 01:55:00.546000,4040.355,4039.651,2250,2250
2021-04-05 01:55:03.361000,4040.357,4039.899,1,2250
2021-04-05 01:55:03.411000,4040.564,4039.848,2250,2250
2021-04-05 01:55:03.769000,4040.363,4039.836,1,2250
2021-04-05 01:55:03.819000,4040.367,4039.699,2250,2250
2021-04-05 01:55:40.715000,4040.057,4039.642,1,2250
2021-04-05 01:55:40.766000,4040.046,4039.345,2250,2250
2021-04-05 01:55:49.161000,4040.051,4039.545,1,2250
2021-04-05 01:55:49.211000,4040.261,4039.542,2250,2250
2021-04-05 01:55:49.325000,4040.251,4039.648,1,2250
2021-04-05 01:55:49.375000,4040.352,4039.651,2250,2250
2021-04-05 01:56:27.706000,4040.058,4039.634,300,890
2021-04-05 01:56:27.757000,4040.049,4039.354,2250,2250
2021-04-05 01:56:35.103000,4040.055,4039.534,300,890
2021-04-05 01:56:35.153000,4040.252,4039.539,2250,2250
2021-04-05 01:56:35.725000,4040.061,4039.534,300,890
2021-04-05 01:56:35.776000,4040.049,4039.336,2250,2250
2021-04-05 01:58:44.922000,4040.048,4039.639,1,2250
2021-04-05 01:58:44.972000,4040.355,4039.651,2250,2250
2021-04-05 02:00:02.485000,4040.064,4039.643,300,890
2021-04-05 02:00:02.535000,4040.055,4039.345,2250,2250
2021-04-05 02:00:35.514000,4040.052,4039.531,300,890
2021-04-05 02:00:35.565000,4040.246,4039.551,2250,2250
2021-04-05 02:00:35.670000,4040.046,4039.549,300,890
2021-04-05 02:00:35.721000,4040.058,4039.348,2250,2250
2021-04-05 02:00:41.557000,4040.048,4039.636,1,2250
2021-04-05 02:00:41.607000,4040.361,4039.648,2250,2250
2021-04-05 02:00:50.375000,4040.067,4039.634,300,890
2021-04-05 02:00:50.426000,4040.055,4039.339,2250,2250
2021-04-05 02:01:01.641000,4040.049,4039.64,300,890
2021-04-05 02:01:01.691000,4040.355,4039.642,2250,2250
2021-04-05 02:01:35.252000,4040.052,4039.339,2250,2250
2021-04-05 02:01:35.982000,4040.069,4039.636,1,2250
2021-04-05 02:01:36.033000,4040.361,4039.633,2250,2250
2021-04-05 02:01:37.324000,4040.069,4039.633,1,2250
2021-04-05 02:01:37.374000,4040.046,4039.336,2250,2250
2021-04-05 02:02:45.734000,4040.051,4039.642,1,2250
2021-04-05 02:02:45.784000,4040.364,4039.636,2250,2250
2021-04-05 02:02:55.431000,4040.36,4039.854,1,2250
2021-04-05 02:02:55.482000,4040.558,4039.851,2250,2250
2021-04-05 02:04:25.277000,4040.761,4040.039,2250,2250
2021-04-05 02:04:25.612000,4040.548,4040.033,1,2250
2021-04-05 02:04:25.662000,4040.561,4039.848,2250,2250
2021-04-05 02:04:27.218000,4040.549,4040.134,300,890
2021-04-05 02:04:27.269000,4040.849,4040.145,2250,2250
2021-04-05 02:04:39.562000,4040.855,4040.352,300,890
2021-04-05 02:04:39.613000,4041.055,4040.399,2250,2250
2021-04-05 02:04:41.621000,4040.858,4040.34,300,890
2021-04-05 02:04:41.671000,4040.861,4040.154,2250,2250
2021-04-05 02:04:51.635000,4040.869,4040.254,1,2250
2021-04-05 02:04:51.685000,4040.946,4040.245,2250,2250
2021-04-05 02:04:51.877000,4040.96,4040.336,1,2250
2021-04-05 02:04:51.928000,4041.064,4040.354,2250,2250
2021-04-05 02:05:02.826000,4040.855,4040.397,300,890
2021-04-05 02:05:02.876000,4040.846,4040.148,2250,2250
2021-04-05 02:05:06.045000,4040.555,4040.137,300,890
2021-04-05 02:05:06.095000,4040.558,4039.845,2250,2250
2021-04-05 02:05:06.202000,4040.569,4040.139,1,2250
2021-04-05 02:05:06.252000,4040.849,4040.142,2250,2250
2021-04-05 02:05:08.475000,4040.548,4040.199,1,2250
2021-04-05 02:05:08.525000,4040.564,4039.899,2250,2250
2021-04-05 02:05:09.755000,4040.551,4040.133,1,2250
2021-04-05 02:05:09.806000,4040.867,4040.145,2250,2250
2021-04-05 02:05:13.822000,4040.567,4040.14,300,890
2021-04-05 02:05:13.872000,4040.552,4039.854,2250,2250
2021-04-05 02:05:22.191000,4040.346,4039.846,300,890
2021-04-05 02:05:22.241000,4040.301,4039.699,2250,2250
2021-04-05 02:06:02.867000,4040.361,4039.797,300,890
2021-04-05 02:06:02.917000,4040.455,4039.742,2250,2250
2021-04-05 02:06:03.029000,4040.454,4039.839,1,2250
2021-04-05 02:06:03.079000,4040.567,4039.899,2250,2250
2021-04-05 02:06:33.169000,4040.346,4039.834,300,890
2021-04-05 02:06:33.219000,4040.358,4039.699,2250,2250
2021-04-05 02:06:34.598000,4040.354,4039.839,1,2250
2021-04-05 02:06:34.648000,4040.549,4039.842,2250,2250
2021-04-05 02:06:45.252000,4040.369,4039.833,1,2250
2021-04-05 02:06:45.303000,4040.301,4039.642,2250,2250
2021-04-05 02:06:49.747000,4040.349,4039.84,300,890
2021-04-05 02:06:49.797000,4040.552,4039.833,2250,2250
2021-04-05 02:07:29.116000,4040.358,4039.852,300,890
2021-04-05 02:07:29.167000,4040.364,4039.639,2250,2250
2021-04-05 02:07:29.447000,4040.351,4039.854,1,2250
2021-04-05 02:07:29.498000,4040.501,4039.854,2250,2250
2021-04-05 02:07:32.067000,4040.358,4039.834,300,890
2021-04-05 02:07:32.118000,4040.349,4039.642,2250,2250
2021-04-05 02:07:40.923000,4040.364,4039.852,300,890
2021-04-05 02:07:40.974000,4040.555,4039.836,2250,2250
2021-04-05 02:08:03.588000,4040.563,4040.133,1,2250
2021-04-05 02:08:03.638000,4040.858,4040.136,2250,2250
2021-04-05 02:08:13.806000,4040.567,4040.137,300,890
2021-04-05 02:08:13.856000,4040.546,4039.854,2250,2250
2021-04-05 02:08:20.949000,4040.555,4040.131,300,890
2021-04-05 02:08:20.999000,4040.852,4040.142,2250,2250
2021-04-05 02:08:25.283000,4040.56,4040.136,1,2250
2021-04-05 02:08:25.333000,4040.561,4039.848,2250,2250
2021-04-05 02:08:25.926000,4040.558,4040.152,300,890
2021-04-05 02:08:25.976000,4040.867,4040.142,2250,2250
2021-04-05 02:08:37.993000,4040.501,4039.833,2250,2250
2021-04-05 02:08:50.229000,4040.361,4039.84,300,890
2021-04-05 02:08:50.280000,4040.352,4039.654,2250,2250
2021-04-05 02:08:51.213000,4040.357,4039.742,1,2250
2021-04-05 02:08:51.264000,4040.455,4039.799,2250,2250
2021-04-05 02:08:51.565000,4040.36,4039.751,1,2250
2021-04-05 02:08:51.616000,4040.361,4039.636,2250,2250
2021-04-05 02:08:54.831000,4040.369,4039.848,1,2250
2021-04-05 02:08:54.881000,4040.561,4039.842,2250,2250
2021-04-05 02:08:55.639000,4040.303,4039.845,1,2250
2021-04-05 02:08:55.690000,4040.364,4039.654,2250,2250
2021-04-05 02:09:58.483000,4040.303,4039.842,1,2250
2021-04-05 02:09:58.533000,4040.561,4039.842,2250,2250
2021-04-05 02:10:10.256000,4040.352,4039.846,300,890
2021-04-05 02:10:10.306000,4040.352,4039.645,2250,2250
2021-04-05 02:11:40.205000,4040.064,4039.652,300,890
2021-04-05 02:11:40.256000,4040.067,4039.342,2250,2250
2021-04-05 02:12:20.674000,4039.857,4039.399,1,2250
2021-04-05 02:12:20.724000,4039.801,4039.139,2250,2250
2021-04-05 02:12:35.458000,4039.548,4039.148,1,2250
2021-04-05 02:12:35.509000,4039.558,4038.848,2250,2250
2021-04-05 02:14:09.195000,4039.452,4038.834,300,890
2021-04-05 02:14:09.245000,4039.467,4038.751,2250,2250
2021-04-05 02:14:09.399000,4039.363,4038.754,1,2250
2021-04-05 02:14:09.450000,4039.301,4038.645,2250,2250
2021-04-05 02:15:19.447000,4039.061,4038.64,300,890
2021-04-05 02:15:19.498000,4039.058,4038.354,2250,2250
2021-04-05 02:15:20.245000,4039.003,4038.642,1,2250
2021-04-05 02:15:20.296000,4039.361,4038.654,2250,2250
2021-04-05 02:15:48.460000,4039.303,4038.854,1,2250
2021-04-05 02:15:48.511000,4039.549,4038.839,2250,2250
2021-04-05 02:16:03.176000,4039.361,4038.831,300,890
2021-04-05 02:16:03.227000,4039.361,4038.639,2250,2250
