2021-04-07 00:00:00.388000,4081.049,4080.351,2250,4190
2021-04-07 00:00:00.439000,4081.052,4080.351,2250,2250
2021-04-07 00:00:01.681000,4081.054,4080.554,460,2250
2021-04-07 00:00:01.732000,4081.201,4080.554,2250,2250
2021-04-07 00:00:10.431000,4081.046,4080.345,2250,4190
2021-04-07 00:00:10.481000,4081.055,4080.342,2250,2250
2021-04-07 00:00:10.592000,4081.267,4080.545,2250,2250
2021-04-07 00:00:10.752000,4081.058,4080.339,2250,4190
2021-04-07 00:00:10.803000,4081.058,4080.351,2250,2250
2021-04-07 00:00:13.380000,4081.051,4080.542,460,2250
2021-04-07 00:00:13.430000,4081.267,4080.548,2250,2250
2021-04-07 00:00:27.757000,4081.152,4080.439,2250,2250
2021-04-07 00:00:28.193000,4081.163,4080.542,460,2250
2021-04-07 00:00:28.243000,4081.201,4080.545,2250,2250
2021-04-07 00:00:28.771000,4081.164,4080.451,2250,4190
2021-04-07 00:00:28.822000,4081.152,4080.433,2250,2250
2021-04-07 00:00:30.068000,4081.046,4080.351,2250,2250
2021-04-07 00:00:36.036000,4080.758,4080.039,2250,4190
2021-04-07 00:00:36.086000,4080.701,4080.051,2250,2250
2021-04-07 00:00:42.962000,4080.501,4079.842,2250,4190
2021-04-07 00:00:43.012000,4080.567,4079.833,2250,2250
2021-04-07 00:01:08.630000,4080.557,4080.051,460,2250
2021-04-07 00:01:08.681000,4080.767,4080.051,2250,2250
2021-04-07 00:01:17.497000,4080.549,4079.854,2250,4190
2021-04-07 00:01:17.547000,4080.552,4079.842,2250,2250
2021-04-07 00:01:20.152000,4080.503,4080.042,460,2250
2021-04-07 00:01:20.203000,4080.758,4080.036,2250,2250
2021-04-07 00:01:21.151000,4080.546,4079.836,2250,4190
2021-04-07 00:01:21.201000,4080.552,4079.836,2250,2250
2021-04-07 00:02:02.522000,4080.263,4079.839,460,2250
2021-04-07 00:02:02.573000,4080.255,4079.548,2250,2250
2021-04-07 00:02:45.434000,4080.052,4079.339,2250,2250
2021-04-07 00:02:55.372000,4079.746,4079.048,2250,4190
2021-04-07 00:02:55.422000,4079.701,4079.033,2250,2250
2021-04-07 00:03:00.343000,4079.546,4078.848,2250,4190
2021-04-07 00:03:00.393000,4079.564,4078.848,2250,2250
2021-04-07 00:03:01.773000,4079.255,4078.551,2250,4190
2021-04-07 00:03:01.824000,4079.261,4078.542,2250,2250
2021-04-07 00:03:13.597000,4079.064,4078.354,2250,4190
2021-04-07 00:03:13.647000,4079.067,4078.354,2250,2250
2021-04-07 00:03:17.846000,4079.067,4078.348,2250,4190
2021-04-07 00:03:17.896000,4079.249,4078.554,2250,2250
2021-04-07 00:03:30.482000,4079.248,4078.851,460,2250
2021-04-07 00:03:30.533000,4079.549,4078.854,2250,2250
2021-04-07 00:03:35.183000,4079.557,4079.045,460,2250
2021-04-07 00:03:35.233000,4079.761,4079.054,2250,2250
2021-04-07 00:03:43.249000,4079.757,4079.342,460,2250
2021-04-07 00:03:43.300000,4080.061,4079.345,2250,2250
2021-04-07 00:03:52.606000,4079.755,4079.099,2250,4190
2021-04-07 00:03:52.657000,4079.758,4079.048,2250,2250
2021-04-07 00:04:10.965000,4079.751,4079.399,460,2250
2021-04-07 00:04:11.015000,4080.061,4079.345,2250,2250
2021-04-07 00:04:17.320000,4079.767,4079.099,2250,4190
2021-04-07 00:04:17.371000,4079.764,4079.036,2250,2250
2021-04-07 00:04:19.961000,4079.558,4078.842,2250,4190
2021-04-07 00:04:20.011000,4079.552,4078.854,2250,2250
2021-04-07 00:04:22.900000,4079.56,4079.048,460,2250
2021-04-07 00:04:22.950000,4079.755,4079.051,2250,2250
2021-04-07 00:04:36.670000,4079.555,4078.851,2250,2250
2021-04-07 00:04:39.640000,4079.701,4079.048,2250,2250
2021-04-07 00:04:52.219000,4079.757,4079.345,460,2250
2021-04-07 00:04:52.270000,4080.061,4079.336,2250,2250
2021-04-07 00:05:00.697000,4079.758,4079.039,2250,4190
2021-04-07 00:05:00.747000,4079.749,4079.054,2250,2250
2021-04-07 00:05:06.797000,4079.766,4079.351,460,2250
2021-04-07 00:05:06.848000,4080.001,4079.354,2250,2250
2021-04-07 00:05:17.821000,4080.063,4079.542,460,2250
2021-04-07 00:05:17.871000,4080.249,4079.551,2250,2250
2021-04-07 00:05:20.580000,4080.064,4079.354,2250,4190
2021-04-07 00:05:20.630000,4080.046,4079.342,2250,2250
2021-04-07 00:05:21.516000,4080.06,4079.548,460,2250
2021-04-07 00:05:21.568000,4080.264,4079.551,2250,2250
2021-04-07 00:05:43.096000,4080.049,4079.351,2250,4190
2021-04-07 00:05:43.146000,4080.052,4079.399,2250,2250
2021-04-07 00:05:44.505000,4080.057,4079.542,460,2250
2021-04-07 00:05:44.555000,4080.252,4079.542,2250,2250
2021-04-07 00:05:49.827000,4080.164,4079.433,2250,4190
2021-04-07 00:05:49.878000,4080.149,4079.454,2250,2250
2021-04-07 00:05:49.987000,4080.049,4079.345,2250,4190
2021-04-07 00:05:50.037000,4080.061,4079.336,2250,2250
2021-04-07 00:05:51.609000,4080.264,4079.551,2250,2250
2021-04-07 00:06:01.184000,4080.052,4079.351,2250,2250
2021-04-07 00:06:01.299000,4080.054,4079.551,460,2250
2021-04-07 00:06:01.349000,4080.252,4079.599,2250,2250
2021-04-07 00:06:04.261000,4080.067,4079.351,2250,4190
2021-04-07 00:06:04.311000,4080.055,4079.336,2250,2250
2021-04-07 00:06:22.457000,4079.749,4079.048,2250,4190
2021-04-07 00:06:22.507000,4079.749,4079.036,2250,2250
2021-04-07 00:06:39.830000,4079.763,4079.248,460,2250
2021-04-07 00:06:39.881000,4079.955,4079.248,2250,2250
2021-04-07 00:06:39.983000,4079.969,4079.354,460,2250
2021-04-07 00:06:40.033000,4080.058,4079.351,2250,2250
2021-04-07 00:06:45.515000,4080.063,4079.442,460,2250
2021-04-07 00:06:45.565000,4080.158,4079.499,2250,2250
2021-04-07 00:06:45.873000,4080.052,4079.351,2250,4190
2021-04-07 00:06:45.923000,4080.052,4079.351,2250,2250
2021-04-07 00:07:11.723000,4079.758,4079.054,2250,4190
2021-04-07 00:07:11.773000,4079.746,4079.051,2250,2250
2021-04-07 00:07:13.144000,4080.001,4079.339,2250,2250
2021-04-07 00:07:15.471000,4079.946,4079.254,2250,4190
2021-04-07 00:07:15.522000,4079.946,4079.251,2250,2250
2021-04-07 00:07:16.350000,4079.767,4079.042,2250,4190
2021-04-07 00:07:16.401000,4079.761,4079.054,2250,2250
2021-04-07 00:07:22.258000,4079.748,4079.354,460,2250
2021-04-07 00:07:22.309000,4080.067,4079.348,2250,2250
2021-04-07 00:07:27.369000,4079.761,4079.045,2250,4190
2021-04-07 00:07:27.419000,4079.761,4079.054,2250,2250
2021-04-07 00:07:38.136000,4079.552,4078.899,2250,4190
2021-04-07 00:07:38.186000,4079.555,4078.851,2250,2250
2021-04-07 00:07:41.907000,4079.258,4078.539,2250,4190
2021-04-07 00:07:41.958000,4079.201,4078.554,2250,2250
2021-04-07 00:07:49.560000,4079.152,4078.433,2250,4190
2021-04-07 00:07:49.610000,4079.146,4078.445,2250,2250
2021-04-07 00:07:49.720000,4079.103,4078.545,460,2250
2021-04-07 00:07:49.770000,4079.246,4078.539,2250,2250
2021-04-07 00:07:49.889000,4079.001,4078.348,2250,2250
2021-04-07 00:08:11.592000,4078.767,4078.039,2250,4190
2021-04-07 00:08:11.643000,4078.758,4078.054,2250,2250
2021-04-07 00:08:18.509000,4078.561,4077.854,2250,2250
2021-04-07 00:08:18.644000,4078.569,4078.033,460,2250
2021-04-07 00:08:18.695000,4078.758,4078.051,2250,2250
2021-04-07 00:08:19.287000,4078.667,4077.936,2250,4190
2021-04-07 00:08:19.337000,4078.649,4077.945,2250,2250
2021-04-07 00:08:19.500000,4078.501,4077.836,2250,2250
2021-04-07 00:08:22.800000,4078.267,4077.545,2250,2250
2021-04-07 00:08:31.514000,4078.248,4077.842,460,2250
2021-04-07 00:08:31.565000,4078.561,4077.836,2250,2250
2021-04-07 00:08:48.676000,4078.563,4078.036,460,2250
2021-04-07 00:08:48.726000,4078.755,4078.048,2250,2250
2021-04-07 00:08:56.194000,4078.769,4078.348,460,2250
2021-04-07 00:08:56.244000,4079.064,4078.354,2250,2250
2021-04-07 00:09:12.319000,4079.164,4078.445,2250,2250
2021-04-07 00:09:12.444000,4079.148,4078.536,460,2250
2021-04-07 00:09:12.494000,4079.261,4078.545,2250,2250
2021-04-07 00:09:13.639000,4079.049,4078.399,2250,2250
2021-04-07 00:09:18.345000,4079.069,4078.442,460,2250
2021-04-07 00:09:18.396000,4079.158,4078.499,2250,2250
2021-04-07 00:09:18.504000,4079.064,4078.351,2250,4190
2021-04-07 00:09:18.554000,4079.067,4078.333,2250,2250
2021-04-07 00:09:28.503000,4078.766,4078.336,460,2250
2021-04-07 00:09:28.554000,4078.752,4078.039,2250,2250
2021-04-07 00:10:06.176000,4078.703,4078.336,460,2250
2021-04-07 00:10:06.226000,4079.058,4078.354,2250,2250
2021-04-07 00:10:13.532000,4079.063,4078.599,460,2250
2021-04-07 00:10:13.583000,4079.252,4078.542,2250,2250
2021-04-07 00:10:15.439000,4079.049,4078.333,2250,4190
2021-04-07 00:10:15.490000,4079.061,4078.333,2250,2250
2021-04-07 00:10:21.835000,4079.003,4078.539,460,2250
2021-04-07 00:10:21.886000,4079.255,4078.533,2250,2250
2021-04-07 00:10:23.958000,4079.248,4078.839,460,2250
2021-04-07 00:10:24.008000,4079.567,4078.851,2250,2250
2021-04-07 00:10:26.712000,4079.258,4078.599,2250,4190
2021-04-07 00:10:26.762000,4079.258,4078.545,2250,2250
2021-04-07 00:10:29.012000,4079.446,4078.745,2250,2250
2021-04-07 00:10:29.759000,4079.469,4078.839,460,2250
2021-04-07 00:10:29.809000,4079.501,4078.836,2250,2250
2021-04-07 00:10:30.276000,4079.246,4078.548,2250,4190
2021-04-07 00:10:30.326000,4079.261,4078.554,2250,2250
2021-04-07 00:10:30.756000,4079.269,4078.745,460,2250
2021-04-07 00:10:30.806000,4079.452,4078.733,2250,2250
2021-04-07 00:10:31.364000,4079.454,4078.854,460,2250
2021-04-07 00:10:31.414000,4079.549,4078.848,2250,2250
2021-04-07 00:10:54.556000,4079.566,4079.039,460,2250
2021-04-07 00:10:54.606000,4079.746,4079.036,2250,2250
2021-04-07 00:10:59.684000,4079.546,4078.836,2250,4190
2021-04-07 00:10:59.734000,4079.561,4078.899,2250,2250
2021-04-07 00:11:00.782000,4079.503,4079.054,460,2250
2021-04-07 00:11:00.832000,4079.764,4079.033,2250,2250
2021-04-07 00:11:03.368000,4079.552,4078.836,2250,4190
2021-04-07 00:11:03.418000,4079.561,4078.854,2250,2250
2021-04-07 00:11:04.095000,4079.551,4078.933,460,2250
2021-04-07 00:11:04.145000,4079.658,4078.945,2250,2250
2021-04-07 00:11:04.256000,4079.546,4078.899,2250,4190
2021-04-07 00:11:04.306000,4079.561,4078.836,2250,2250
2021-04-07 00:11:10.446000,4079.701,4079.036,2250,2250
2021-04-07 00:11:13.053000,4079.558,4078.836,2250,4190
2021-04-07 00:11:13.103000,4079.549,4078.845,2250,2250
2021-04-07 00:11:15.032000,4079.563,4079.045,460,2250
2021-04-07 00:11:15.082000,4079.758,4079.036,2250,2250
2021-04-07 00:11:15.878000,4079.567,4078.842,2250,4190
2021-04-07 00:11:15.928000,4079.501,4078.899,2250,2250
2021-04-07 00:11:36.254000,4079.449,4078.739,2250,2250
2021-04-07 00:11:36.370000,4079.246,4078.533,2250,4190
2021-04-07 00:11:36.421000,4079.258,4078.599,2250,2250
2021-04-07 00:11:45.563000,4079.055,4078.345,2250,4190
2021-04-07 00:11:45.613000,4079.049,4078.354,2250,2250
2021-04-07 00:12:01.349000,4079.058,4078.399,2250,4190
2021-04-07 00:12:01.399000,4079.267,4078.551,2250,2250
2021-04-07 00:12:14.912000,4079.058,4078.399,2250,4190
2021-04-07 00:12:14.963000,4079.001,4078.333,2250,2250
2021-04-07 00:12:16.736000,4079.051,4078.554,460,2250
2021-04-07 00:12:16.786000,4079.264,4078.554,2250,2250
2021-04-07 00:12:17.293000,4079.055,4078.333,2250,4190
2021-04-07 00:12:17.343000,4079.055,4078.345,2250,2250
2021-04-07 00:12:42.128000,4079.048,4078.448,460,2250
2021-04-07 00:12:42.178000,4079.146,4078.451,2250,2250
2021-04-07 00:12:42.678000,4079.169,4078.533,460,2250
2021-04-07 00:12:42.729000,4079.252,4078.554,2250,2250
2021-04-07 00:13:04.899000,4079.248,4078.848,460,2250
2021-04-07 00:13:04.949000,4079.555,4078.842,2250,2250
2021-04-07 00:13:05.392000,4079.267,4078.551,2250,4190
2021-04-07 00:13:05.442000,4079.267,4078.554,2250,2250
2021-04-07 00:13:11.815000,4079.263,4078.839,460,2250
2021-04-07 00:13:11.866000,4079.555,4078.836,2250,2250
2021-04-07 00:13:11.987000,4079.246,4078.551,2250,2250
2021-04-07 00:13:13.051000,4079.564,4078.836,2250,2250
2021-04-07 00:13:14.237000,4079.264,4078.533,2250,4190
2021-04-07 00:13:14.287000,4079.255,4078.536,2250,2250
2021-04-07 00:13:14.834000,4079.26,4078.842,460,2250
2021-04-07 00:13:14.885000,4079.558,4078.836,2250,2250
2021-04-07 00:13:14.996000,4079.264,4078.536,2250,4190
2021-04-07 00:13:15.047000,4079.201,4078.533,2250,2250
2021-04-07 00:13:26.541000,4079.149,4078.445,2250,4190
2021-04-07 00:13:26.591000,4079.161,4078.499,2250,2250
2021-04-07 00:13:27.086000,4079.048,4078.451,460,2250
2021-04-07 00:13:27.136000,4079.049,4078.345,2250,2250
2021-04-07 00:13:27.409000,4079.06,4078.448,460,2250
2021-04-07 00:13:27.459000,4079.152,4078.454,2250,2250
2021-04-07 00:13:27.578000,4079.152,4078.451,2250,4190
2021-04-07 00:13:27.628000,4079.258,4078.548,2250,2250
2021-04-07 00:13:27.736000,4079.155,4078.448,2250,4190
2021-04-07 00:13:27.786000,4079.149,4078.433,2250,2250
2021-04-07 00:13:28.023000,4079.067,4078.354,2250,4190
2021-04-07 00:13:28.074000,4079.064,4078.348,2250,2250
2021-04-07 00:13:42.182000,4078.752,4078.048,2250,4190
2021-04-07 00:13:42.233000,4078.749,4078.054,2250,2250
2021-04-07 00:13:45.754000,4078.754,4078.345,460,2250
2021-04-07 00:13:45.805000,4079.055,4078.339,2250,2250
2021-04-07 00:14:00.841000,4079.258,4078.539,2250,2250
2021-04-07 00:14:01.171000,4079.155,4078.499,2250,2250
2021-04-07 00:14:01.662000,4079.064,4078.351,2250,4190
2021-04-07 00:14:01.712000,4079.001,4078.339,2250,2250
2021-04-07 00:14:02.388000,4079.051,4078.533,460,2250
2021-04-07 00:14:02.438000,4079.201,4078.551,2250,2250
2021-04-07 00:14:45.764000,4079.101,4078.445,2250,4190
2021-04-07 00:14:45.815000,4079.152,4078.448,2250,2250
2021-04-07 00:14:46.300000,4079.163,4078.545,460,2250
2021-04-07 00:14:46.350000,4079.267,4078.533,2250,2250
2021-04-07 00:15:08.847000,4079.049,4078.339,2250,2250
2021-04-07 00:15:19.016000,4079.057,4078.551,460,2250
2021-04-07 00:15:19.066000,4079.249,4078.551,2250,2250
2021-04-07 00:15:21.495000,4079.046,4078.351,2250,4190
2021-04-07 00:15:21.545000,4079.046,4078.342,2250,2250
2021-04-07 00:15:21.656000,4079.054,4078.539,460,2250
2021-04-07 00:15:21.707000,4079.267,4078.599,2250,2250
2021-04-07 00:15:24.815000,4079.101,4078.439,2250,4190
2021-04-07 00:15:24.865000,4079.155,4078.454,2250,2250
2021-04-07 00:15:25.022000,4079.058,4078.345,2250,2250
2021-04-07 00:15:25.135000,4079.003,4078.499,460,2250
2021-04-07 00:15:25.185000,4079.158,4078.448,2250,2250
2021-04-07 00:15:25.296000,4079.055,4078.348,2250,4190
2021-04-07 00:15:25.346000,4079.001,4078.333,2250,2250
2021-04-07 00:15:37.343000,4079.054,4078.439,460,2250
2021-04-07 00:15:37.393000,4079.164,4078.451,2250,2250
2021-04-07 00:15:37.511000,4079.158,4078.445,2250,4190
2021-04-07 00:15:37.561000,4079.201,4078.542,2250,2250
2021-04-07 00:15:43.909000,4079.064,4078.348,2250,4190
2021-04-07 00:15:43.960000,4079.052,4078.354,2250,2250
2021-04-07 00:15:50.139000,4079.069,4078.551,460,2250
2021-04-07 00:15:50.190000,4079.267,4078.554,2250,2250
2021-04-07 00:15:50.619000,4079.058,4078.339,2250,4190
2021-04-07 00:15:50.670000,4079.046,4078.333,2250,2250
2021-04-07 00:15:59.746000,4079.069,4078.454,460,2250
2021-04-07 00:15:59.796000,4079.101,4078.445,2250,2250
2021-04-07 00:16:00.222000,4079.067,4078.354,2250,4190
2021-04-07 00:16:00.272000,4079.061,4078.345,2250,2250
2021-04-07 00:16:14.023000,4079.066,4078.548,460,2250
2021-04-07 00:16:14.073000,4079.201,4078.545,2250,2250
2021-04-07 00:16:17.427000,4079.049,4078.354,2250,4190
2021-04-07 00:16:17.478000,4079.055,4078.345,2250,2250
2021-04-07 00:16:40.318000,4078.952,4078.236,2250,4190
2021-04-07 00:16:40.368000,4078.952,4078.245,2250,2250
2021-04-07 00:16:40.479000,4078.903,4078.339,460,2250
2021-04-07 00:16:40.529000,4079.067,4078.345,2250,2250
2021-04-07 00:16:40.799000,4078.964,4078.299,2250,4190
2021-04-07 00:16:40.850000,4078.955,4078.299,2250,2250
2021-04-07 00:16:41.029000,4078.954,4078.333,460,2250
2021-04-07 00:16:41.079000,4079.049,4078.342,2250,2250
2021-04-07 00:16:42.810000,4078.964,4078.242,2250,4190
2021-04-07 00:16:42.861000,4078.946,4078.236,2250,2250
2021-04-07 00:16:43.254000,4078.755,4078.039,2250,2250
2021-04-07 00:16:52.502000,4078.552,4077.848,2250,2250
2021-04-07 00:17:05.587000,4078.548,4078.048,460,2250
2021-04-07 00:17:05.637000,4078.749,4078.048,2250,2250
2021-04-07 00:17:08.850000,4078.757,4078.345,460,2250
2021-04-07 00:17:08.900000,4079.067,4078.348,2250,2250
2021-04-07 00:17:22.548000,4078.761,4078.045,2250,2250
2021-04-07 00:17:36.940000,4078.501,4077.848,2250,4190
2021-04-07 00:17:36.991000,4078.558,4077.899,2250,2250
2021-04-07 00:17:47.428000,4078.249,4077.533,2250,4190
2021-04-07 00:17:47.479000,4078.264,4077.554,2250,2250
2021-04-07 00:17:49.998000,4078.254,4077.845,460,2250
2021-04-07 00:17:50.048000,4078.552,4077.839,2250,2250
2021-04-07 00:17:53.997000,4078.258,4077.533,2250,4190
2021-04-07 00:17:54.048000,4078.267,4077.536,2250,2250
2021-04-07 00:17:58.876000,4078.058,4077.351,2250,4190
2021-04-07 00:17:58.926000,4078.052,4077.339,2250,2250
2021-04-07 00:18:00.565000,4077.701,4077.051,2250,4190
2021-04-07 00:18:00.616000,4077.755,4077.054,2250,2250
2021-04-07 00:18:09.046000,4077.758,4077.051,2250,4190
2021-04-07 00:18:09.096000,4078.001,4077.351,2250,2250
2021-04-07 00:18:12.749000,4077.752,4077.042,2250,4190
2021-04-07 00:18:12.800000,4077.755,4077.045,2250,2250
2021-04-07 00:18:13.239000,4077.766,4077.399,460,2250
2021-04-07 00:18:13.289000,4078.001,4077.351,2250,2250
2021-04-07 00:18:16.932000,4077.755,4077.054,2250,4190
2021-04-07 00:18:16.983000,4077.701,4077.042,2250,2250
2021-04-07 00:18:17.092000,4077.763,4077.336,460,2250
2021-04-07 00:18:17.142000,4078.001,4077.399,2250,2250
2021-04-07 00:18:17.252000,4077.901,4077.236,2250,4190
2021-04-07 00:18:17.303000,4077.964,4077.299,2250,2250
2021-04-07 00:18:17.749000,4077.957,4077.399,460,2250
2021-04-07 00:18:17.800000,4078.049,4077.336,2250,2250
2021-04-07 00:18:19.599000,4077.752,4077.036,2250,4190
2021-04-07 00:18:19.649000,4077.701,4077.039,2250,2250
2021-04-07 00:18:26.733000,4077.501,4076.851,2250,4190
2021-04-07 00:18:26.783000,4077.549,4076.848,2250,2250
2021-04-07 00:18:35.451000,4077.566,4077.039,460,2250
2021-04-07 00:18:35.501000,4077.761,4077.045,2250,2250
2021-04-07 00:18:37.028000,4077.757,4077.339,460,2250
2021-04-07 00:18:37.078000,4078.049,4077.333,2250,2250
2021-04-07 00:18:46.420000,4078.066,4077.533,460,2250
2021-04-07 00:18:46.470000,4078.258,4077.548,2250,2250
2021-04-07 00:18:49.293000,4078.001,4077.354,2250,4190
2021-04-07 00:18:49.343000,4078.067,4077.336,2250,2250
2021-04-07 00:18:55.879000,4077.701,4077.039,2250,4190
2021-04-07 00:18:55.930000,4077.767,4077.051,2250,2250
2021-04-07 00:18:59.984000,4077.766,4077.354,460,2250
2021-04-07 00:19:00.034000,4078.061,4077.336,2250,2250
2021-04-07 00:19:04.399000,4078.069,4077.533,460,2250
2021-04-07 00:19:04.449000,4078.258,4077.551,2250,2250
2021-04-07 00:19:23.472000,4078.155,4077.499,2250,4190
2021-04-07 00:19:23.522000,4078.152,4077.433,2250,2250
2021-04-07 00:19:23.633000,4078.166,4077.554,460,2250
2021-04-07 00:19:23.684000,4078.252,4077.548,2250,2250
2021-04-07 00:19:24.374000,4078.164,4077.442,2250,4190
2021-04-07 00:19:24.425000,4078.155,4077.433,2250,2250
2021-04-07 00:19:25.165000,4078.166,4077.539,460,2250
2021-04-07 00:19:25.216000,4078.249,4077.545,2250,2250
2021-04-07 00:19:25.516000,4078.158,4077.433,2250,4190
2021-04-07 00:19:25.566000,4078.149,4077.451,2250,2250
2021-04-07 00:19:25.711000,4078.061,4077.354,2250,4190
2021-04-07 00:19:25.762000,4078.067,4077.336,2250,2250
2021-04-07 00:19:25.870000,4078.048,4077.545,460,2250
2021-04-07 00:19:25.920000,4078.255,4077.536,2250,2250
2021-04-07 00:19:27.218000,4078.149,4077.454,2250,4190
2021-04-07 00:19:27.269000,4078.155,4077.451,2250,2250
2021-04-07 00:19:27.376000,4078.16,4077.536,460,2250
2021-04-07 00:19:27.426000,4078.261,4077.536,2250,2250
2021-04-07 00:19:29.860000,4078.046,4077.399,2250,4190
2021-04-07 00:19:29.910000,4078.061,4077.339,2250,2250
2021-04-07 00:19:32.992000,4077.964,4077.251,2250,4190
2021-04-07 00:19:33.043000,4077.961,4077.239,2250,2250
2021-04-07 00:19:33.849000,4077.957,4077.351,460,2250
2021-04-07 00:19:33.900000,4078.046,4077.348,2250,2250
2021-04-07 00:19:51.787000,4077.752,4077.036,2250,4190
2021-04-07 00:19:51.838000,4077.701,4077.042,2250,2250
2021-04-07 00:20:00.352000,4077.549,4076.833,2250,2250
2021-04-07 00:20:02.458000,4077.557,4077.051,460,2250
2021-04-07 00:20:02.509000,4077.752,4077.054,2250,2250
2021-04-07 00:20:06.625000,4077.649,4076.999,2250,2250
2021-04-07 00:20:06.744000,4077.652,4076.933,2250,4190
2021-04-07 00:20:06.794000,4077.701,4077.045,2250,2250
2021-04-07 00:20:23.720000,4077.769,4077.351,460,2250
2021-04-07 00:20:23.770000,4078.049,4077.399,2250,2250
2021-04-07 00:20:24.599000,4077.755,4077.039,2250,4190
2021-04-07 00:20:24.649000,4077.758,4077.048,2250,2250
2021-04-07 00:20:43.350000,4077.763,4077.354,460,2250
2021-04-07 00:20:43.400000,4078.055,4077.345,2250,2250
2021-04-07 00:21:02.561000,4078.048,4077.539,460,2250
2021-04-07 00:21:02.611000,4078.246,4077.548,2250,2250
2021-04-07 00:21:11.529000,4078.146,4077.454,2250,4190
2021-04-07 00:21:11.579000,4078.164,4077.451,2250,2250
2021-04-07 00:21:11.691000,4078.163,4077.542,460,2250
2021-04-07 00:21:11.741000,4078.255,4077.551,2250,2250
2021-04-07 00:21:12.435000,4078.058,4077.348,2250,4190
2021-04-07 00:21:12.486000,4078.055,4077.333,2250,2250
2021-04-07 00:21:21.007000,4078.246,4077.551,2250,2250
2021-04-07 00:21:21.747000,4078.052,4077.339,2250,4190
2021-04-07 00:21:21.797000,4078.061,4077.342,2250,2250
2021-04-07 00:21:33.183000,4078.066,4077.439,460,2250
2021-04-07 00:21:33.233000,4078.161,4077.445,2250,2250
2021-04-07 00:21:33.798000,4078.064,4077.351,2250,4190
2021-04-07 00:21:33.849000,4078.064,4077.342,2250,2250
2021-04-07 00:21:37.862000,4078.051,4077.542,460,2250
2021-04-07 00:21:37.912000,4078.258,4077.542,2250,2250
2021-04-07 00:21:38.068000,4078.001,4077.333,2250,2250
2021-04-07 00:21:44.097000,4078.069,4077.545,460,2250
2021-04-07 00:21:44.148000,4078.267,4077.554,2250,2250
2021-04-07 00:21:47.673000,4078.001,4077.336,2250,4190
2021-04-07 00:21:47.723000,4078.001,4077.336,2250,2250
2021-04-07 00:21:56.771000,4078.054,4077.545,460,2250
2021-04-07 00:21:56.821000,4078.201,4077.539,2250,2250
2021-04-07 00:22:05.673000,4078.064,4077.342,2250,4190
2021-04-07 00:22:05.723000,4078.064,4077.354,2250,2250
2021-04-07 00:22:05.832000,4078.051,4077.545,460,2250
2021-04-07 00:22:05.883000,4078.267,4077.599,2250,2250
2021-04-07 00:22:06.805000,4078.146,4077.439,2250,4190
2021-04-07 00:22:06.855000,4078.155,4077.454,2250,2250
2021-04-07 00:22:06.983000,4078.063,4077.454,460,2250
2021-04-07 00:22:07.033000,4078.001,4077.333,2250,2250
2021-04-07 00:22:26.939000,4078.066,4077.599,460,2250
2021-04-07 00:22:26.989000,4078.246,4077.539,2250,2250
2021-04-07 00:22:27.284000,4078.149,4077.436,2250,4190
2021-04-07 00:22:27.334000,4078.101,4077.445,2250,2250
2021-04-07 00:22:27.615000,4078.052,4077.342,2250,4190
2021-04-07 00:22:27.665000,4078.064,4077.348,2250,2250
2021-04-07 00:22:28.126000,4078.048,4077.499,460,2250
2021-04-07 00:22:28.176000,4078.161,4077.445,2250,2250
2021-04-07 00:22:28.838000,4078.058,4077.333,2250,4190
2021-04-07 00:22:28.888000,4078.001,4077.354,2250,2250
2021-04-07 00:22:47.605000,4078.069,4077.545,460,2250
2021-04-07 00:22:47.655000,4078.258,4077.542,2250,2250
2021-04-07 00:22:48.062000,4078.101,4077.439,2250,2250
2021-04-07 00:22:48.192000,4078.064,4077.345,2250,2250
2021-04-07 00:23:00.482000,4077.901,4077.242,2250,4190
2021-04-07 00:23:00.532000,4077.961,4077.233,2250,2250
2021-04-07 00:23:00.641000,4077.966,4077.399,460,2250
2021-04-07 00:23:00.691000,4078.001,4077.348,2250,2250
2021-04-07 00:23:08.338000,4078.063,4077.551,460,2250
2021-04-07 00:23:08.389000,4078.264,4077.542,2250,2250
2021-04-07 00:23:12.321000,4078.001,4077.354,2250,4190
2021-04-07 00:23:12.371000,4078.064,4077.339,2250,2250
2021-04-07 00:23:23.921000,4077.749,4077.036,2250,4190
2021-04-07 00:23:23.971000,4077.701,4077.039,2250,2250
2021-04-07 00:23:24.975000,4077.748,4077.351,460,2250
2021-04-07 00:23:25.026000,4078.064,4077.348,2250,2250
2021-04-07 00:23:26.120000,4077.746,4077.042,2250,4190
2021-04-07 00:23:26.171000,4077.701,4077.039,2250,2250
2021-04-07 00:23:27.164000,4077.763,4077.339,460,2250
2021-04-07 00:23:27.214000,4078.064,4077.336,2250,2250
2021-04-07 00:23:58.405000,4077.952,4077.233,2250,4190
2021-04-07 00:23:58.455000,4077.952,4077.299,2250,2250
2021-04-07 00:23:58.555000,4077.767,4077.039,2250,4190
2021-04-07 00:23:58.605000,4077.755,4077.039,2250,2250
2021-04-07 00:23:59.036000,4077.757,4077.342,460,2250
2021-04-07 00:23:59.086000,4078.049,4077.339,2250,2250
2021-04-07 00:23:59.197000,4077.96,4077.342,460,2250
2021-04-07 00:23:59.247000,4077.961,4077.254,2250,2250
2021-04-07 00:23:59.517000,4077.767,4077.048,2250,4190
2021-04-07 00:23:59.567000,4077.701,4077.036,2250,2250
2021-04-07 00:24:00.145000,4077.703,4077.342,460,2250
2021-04-07 00:24:00.196000,4078.055,4077.342,2250,2250
2021-04-07 00:24:07.166000,4077.758,4077.048,2250,2250
2021-04-07 00:24:22.974000,4077.703,4077.351,460,2250
2021-04-07 00:24:23.024000,4078.064,4077.333,2250,2250
2021-04-07 00:24:35.342000,4077.758,4077.033,2250,2250
2021-04-07 00:24:40.036000,4077.561,4076.839,2250,4190
2021-04-07 00:24:40.086000,4077.549,4076.842,2250,2250
2021-04-07 00:24:51.378000,4077.56,4077.054,460,2250
2021-04-07 00:24:51.428000,4077.749,4077.048,2250,2250
2021-04-07 00:24:53.320000,4077.546,4076.851,2250,4190
2021-04-07 00:24:53.370000,4077.564,4076.833,2250,2250
2021-04-07 00:24:55.523000,4077.551,4077.042,460,2250
2021-04-07 00:24:55.574000,4077.749,4077.033,2250,2250
2021-04-07 00:24:57.697000,4077.567,4076.848,2250,4190
2021-04-07 00:24:57.748000,4077.552,4076.848,2250,2250
2021-04-07 00:25:03.077000,4077.746,4077.033,2250,2250
2021-04-07 00:25:03.530000,4077.552,4076.833,2250,2250
2021-04-07 00:25:30.415000,4077.258,4076.548,2250,4190
2021-04-07 00:25:30.465000,4077.255,4076.536,2250,2250
2021-04-07 00:25:35.297000,4077.052,4076.345,2250,4190
2021-04-07 00:25:35.348000,4077.055,4076.351,2250,2250
2021-04-07 00:25:38.594000,4076.764,4076.036,2250,4190
2021-04-07 00:25:38.645000,4076.758,4076.045,2250,2250
2021-04-07 00:25:42.687000,4077.001,4076.354,2250,2250
2021-04-07 00:25:56.886000,4077.066,4076.442,460,2250
2021-04-07 00:25:56.936000,4077.155,4076.448,2250,2250
2021-04-07 00:25:58.435000,4077.064,4076.399,2250,4190
2021-04-07 00:25:58.485000,4077.055,4076.339,2250,2250
2021-04-07 00:25:58.591000,4077.051,4076.436,460,2250
2021-04-07 00:25:58.642000,4077.161,4076.499,2250,2250
2021-04-07 00:25:58.752000,4077.16,4076.542,460,2250
2021-04-07 00:25:58.802000,4077.255,4076.533,2250,2250
2021-04-07 00:26:02.855000,4077.067,4076.333,2250,4190
2021-04-07 00:26:02.905000,4077.055,4076.351,2250,2250
2021-04-07 00:26:03.743000,4077.167,4076.454,2250,2250
2021-04-07 00:26:03.902000,4077.103,4076.551,460,2250
2021-04-07 00:26:03.952000,4077.201,4076.551,2250,2250
2021-04-07 00:26:06.120000,4077.149,4076.442,2250,4190
2021-04-07 00:26:06.171000,4077.149,4076.433,2250,2250
2021-04-07 00:26:06.621000,4077.157,4076.548,460,2250
2021-04-07 00:26:06.671000,4077.246,4076.599,2250,2250
2021-04-07 00:26:08.256000,4077.061,4076.339,2250,4190
2021-04-07 00:26:08.307000,4077.055,4076.348,2250,2250
2021-04-07 00:26:12.322000,4077.051,4076.551,460,2250
2021-04-07 00:26:12.372000,4077.249,4076.533,2250,2250
2021-04-07 00:26:29.496000,4077.067,4076.342,2250,4190
2021-04-07 00:26:29.546000,4077.064,4076.336,2250,2250
2021-04-07 00:26:32.913000,4077.054,4076.542,460,2250
2021-04-07 00:26:32.964000,4077.261,4076.539,2250,2250
2021-04-07 00:26:48.376000,4077.467,4076.742,2250,2250
2021-04-07 00:26:48.521000,4077.463,4076.842,460,2250
2021-04-07 00:26:48.571000,4077.501,4076.833,2250,2250
2021-04-07 00:27:26.194000,4077.255,4076.536,2250,4190
2021-04-07 00:27:26.244000,4077.249,4076.533,2250,2250
2021-04-07 00:27:31.119000,4077.257,4076.745,460,2250
2021-04-07 00:27:31.169000,4077.401,4076.745,2250,2250
2021-04-07 00:27:31.295000,4077.567,4076.836,2250,2250
2021-04-07 00:28:02.653000,4077.764,4077.054,2250,2250
2021-04-07 00:28:02.983000,4077.555,4076.854,2250,2250
2021-04-07 00:28:14.583000,4077.56,4077.099,460,2250
2021-04-07 00:28:14.633000,4077.758,4077.033,2250,2250
2021-04-07 00:28:23.797000,4077.658,4076.942,2250,2250
2021-04-07 00:28:24.236000,4077.651,4077.054,460,2250
2021-04-07 00:28:24.286000,4077.746,4077.036,2250,2250
2021-04-07 00:28:24.397000,4077.646,4076.939,2250,4190
2021-04-07 00:28:24.447000,4077.667,4076.933,2250,2250
2021-04-07 00:28:24.570000,4077.666,4077.033,460,2250
2021-04-07 00:28:24.621000,4077.758,4077.033,2250,2250
2021-04-07 00:28:24.729000,4077.652,4076.945,2250,4190
2021-04-07 00:28:24.780000,4077.655,4076.948,2250,2250
2021-04-07 00:28:25.051000,4077.552,4076.839,2250,4190
2021-04-07 00:28:25.101000,4077.546,4076.842,2250,2250
2021-04-07 00:28:26.179000,4077.551,4076.999,460,2250
2021-04-07 00:28:26.230000,4077.646,4076.942,2250,2250
2021-04-07 00:28:26.872000,4077.663,4077.051,460,2250
2021-04-07 00:28:26.922000,4077.767,4077.045,2250,2250
2021-04-07 00:28:27.885000,4077.564,4076.833,2250,4190
2021-04-07 00:28:27.935000,4077.564,4076.842,2250,2250
2021-04-07 00:28:31.641000,4077.503,4076.999,460,2250
2021-04-07 00:28:31.691000,4077.667,4076.942,2250,2250
2021-04-07 00:28:31.905000,4077.654,4077.039,460,2250
2021-04-07 00:28:31.956000,4077.746,4077.033,2250,2250
2021-04-07 00:28:47.443000,4077.661,4076.942,2250,4190
2021-04-07 00:28:47.493000,4077.601,4076.951,2250,2250
2021-04-07 00:28:47.604000,4077.666,4077.048,460,2250
2021-04-07 00:28:47.655000,4077.758,4077.045,2250,2250
2021-04-07 00:28:47.763000,4077.567,4076.836,2250,4190
2021-04-07 00:28:47.814000,4077.546,4076.842,2250,2250
2021-04-07 00:29:03.076000,4077.554,4077.048,460,2250
2021-04-07 00:29:03.127000,4077.767,4077.051,2250,2250
2021-04-07 00:29:17.272000,4077.561,4076.836,2250,4190
2021-04-07 00:29:17.322000,4077.501,4076.833,2250,2250
2021-04-07 00:29:20.907000,4077.554,4077.036,460,2250
2021-04-07 00:29:20.957000,4077.764,4077.051,2250,2250
2021-04-07 00:29:49.493000,4077.751,4077.342,460,2250
2021-04-07 00:29:49.544000,4078.058,4077.354,2250,2250
2021-04-07 00:29:55.230000,4077.746,4077.039,2250,2250
2021-04-07 00:30:02.162000,4078.058,4077.351,2250,2250
2021-04-07 00:30:10.822000,4077.752,4077.099,2250,4190
2021-04-07 00:30:10.873000,4077.764,4077.045,2250,2250
2021-04-07 00:30:23.744000,4077.76,4077.351,460,2250
2021-04-07 00:30:23.795000,4078.046,4077.351,2250,2250
2021-04-07 00:30:41.814000,4077.767,4077.042,2250,4190
2021-04-07 00:30:41.864000,4077.749,4077.042,2250,2250
2021-04-07 00:31:04.901000,4077.763,4077.351,460,2250
2021-04-07 00:31:04.951000,4078.001,4077.339,2250,2250
2021-04-07 00:32:03.978000,4078.003,4077.542,460,2250
2021-04-07 00:32:04.028000,4078.264,4077.554,2250,2250
2021-04-07 00:32:16.833000,4078.546,4077.899,2250,2250
2021-04-07 00:32:21.187000,4078.56,4078.099,460,2250
2021-04-07 00:32:21.237000,4078.746,4078.048,2250,2250
2021-04-07 00:32:35.826000,4078.701,4078.039,2250,4190
2021-04-07 00:32:35.876000,4079.046,4078.345,2250,2250
2021-04-07 00:32:42.943000,4078.967,4078.299,2250,4190
2021-04-07 00:32:42.994000,4078.955,4078.248,2250,2250
2021-04-07 00:32:43.263000,4078.948,4078.351,460,2250
2021-04-07 00:32:43.314000,4079.067,4078.348,2250,2250
2021-04-07 00:32:43.426000,4078.749,4078.048,2250,4190
2021-04-07 00:32:43.476000,4078.758,4078.099,2250,2250
2021-04-07 00:32:51.686000,4078.76,4078.351,460,2250
2021-04-07 00:32:51.736000,4079.064,4078.351,2250,2250
2021-04-07 00:33:02.723000,4079.258,4078.539,2250,2250
2021-04-07 00:33:23.544000,4079.167,4078.454,2250,4190
2021-04-07 00:33:23.595000,4079.167,4078.454,2250,2250
2021-04-07 00:33:24.180000,4079.067,4078.333,2250,2250
2021-04-07 00:33:46.966000,4078.967,4078.299,2250,4190
2021-04-07 00:33:47.017000,4078.949,4078.248,2250,2250
2021-04-07 00:33:47.127000,4078.761,4078.036,2250,4190
2021-04-07 00:33:47.177000,4078.758,4078.039,2250,2250
2021-04-07 00:33:55.935000,4078.769,4078.348,460,2250
2021-04-07 00:33:55.985000,4079.055,4078.339,2250,2250
2021-04-07 00:34:20.549000,4078.764,4078.039,2250,4190
2021-04-07 00:34:20.600000,4078.764,4078.054,2250,2250
2021-04-07 00:34:30.418000,4078.567,4077.848,2250,4190
2021-04-07 00:34:30.468000,4078.552,4077.851,2250,2250
2021-04-07 00:35:00.612000,4078.261,4077.554,2250,4190
2021-04-07 00:35:00.663000,4078.264,4077.599,2250,2250
2021-04-07 00:35:01.586000,4078.064,4077.399,2250,2250
2021-04-07 00:35:05.412000,4078.003,4077.542,460,2250
2021-04-07 00:35:05.462000,4078.249,4077.599,2250,2250
2021-04-07 00:35:11.161000,4078.561,4077.899,2250,2250
2021-04-07 00:35:13.988000,4078.264,4077.548,2250,4190
2021-04-07 00:35:14.038000,4078.264,4077.533,2250,2250
2021-04-07 00:35:23.043000,4078.549,4077.854,2250,2250
2021-04-07 00:35:23.184000,4078.455,4077.742,2250,4190
2021-04-07 00:35:23.235000,4078.455,4077.739,2250,2250
2021-04-07 00:35:23.726000,4078.448,4077.845,460,2250
2021-04-07 00:35:23.777000,4078.501,4077.845,2250,2250
2021-04-07 00:35:30.335000,4078.569,4078.099,460,2250
2021-04-07 00:35:30.385000,4078.758,4078.048,2250,2250
2021-04-07 00:35:33.293000,4078.748,4078.348,460,2250
2021-04-07 00:35:33.343000,4079.061,4078.336,2250,2250
2021-04-07 00:35:39.081000,4079.054,4078.439,460,2250
2021-04-07 00:35:39.131000,4079.146,4078.448,2250,2250
2021-04-07 00:35:39.288000,4079.067,4078.333,2250,4190
2021-04-07 00:35:39.338000,4079.067,4078.342,2250,2250
2021-04-07 00:35:39.447000,4079.066,4078.442,460,2250
2021-04-07 00:35:39.498000,4079.101,4078.442,2250,2250
2021-04-07 00:35:39.607000,4079.166,4078.548,460,2250
2021-04-07 00:35:39.657000,4079.249,4078.551,2250,2250
2021-04-07 00:35:45.601000,4079.266,4078.851,460,2250
2021-04-07 00:35:45.651000,4079.546,4078.836,2250,2250
2021-04-07 00:35:46.270000,4079.267,4078.554,2250,4190
2021-04-07 00:35:46.320000,4079.267,4078.554,2250,2250
2021-04-07 00:35:46.804000,4079.461,4078.742,2250,2250
2021-04-07 00:35:47.133000,4079.249,4078.554,2250,2250
2021-04-07 00:35:47.268000,4079.266,4078.845,460,2250
2021-04-07 00:35:47.318000,4079.567,4078.842,2250,2250
2021-04-07 00:36:06.211000,4079.261,4078.548,2250,4190
2021-04-07 00:36:06.261000,4079.264,4078.545,2250,2250
2021-04-07 00:36:08.072000,4079.263,4078.851,460,2250
2021-04-07 00:36:08.122000,4079.558,4078.899,2250,2250
2021-04-07 00:36:16.074000,4079.503,4079.039,460,2250
2021-04-07 00:36:16.124000,4079.758,4079.099,2250,2250
2021-04-07 00:36:16.913000,4079.552,4078.845,2250,4190
2021-04-07 00:36:16.964000,4079.501,4078.845,2250,2250
2021-04-07 00:36:17.234000,4079.569,4079.045,460,2250
2021-04-07 00:36:17.285000,4079.749,4079.045,2250,2250
2021-04-07 00:36:18.037000,4079.567,4078.836,2250,4190
2021-04-07 00:36:18.088000,4079.552,4078.848,2250,2250
2021-04-07 00:36:49.627000,4079.246,4078.545,2250,4190
2021-04-07 00:36:49.678000,4079.252,4078.533,2250,2250
2021-04-07 00:36:50.445000,4079.26,4078.842,460,2250
2021-04-07 00:36:50.496000,4079.546,4078.833,2250,2250
2021-04-07 00:37:06.096000,4079.569,4079.054,460,2250
2021-04-07 00:37:06.146000,4079.755,4079.054,2250,2250
2021-04-07 00:37:14.364000,4079.748,4079.333,460,2250
2021-04-07 00:37:14.414000,4080.055,4079.333,2250,2250
2021-04-07 00:37:15.611000,4079.752,4079.099,2250,2250
2021-04-07 00:37:18.251000,4079.769,4079.345,460,2250
2021-04-07 00:37:18.302000,4080.001,4079.354,2250,2250
2021-04-07 00:37:20.647000,4079.701,4079.048,2250,4190
2021-04-07 00:37:20.697000,4079.746,4079.033,2250,2250
2021-04-07 00:37:28.720000,4079.757,4079.345,460,2250
2021-04-07 00:37:28.770000,4080.055,4079.339,2250,2250
2021-04-07 00:37:33.978000,4079.758,4079.051,2250,4190
2021-04-07 00:37:34.028000,4079.752,4079.054,2250,2250
2021-04-07 00:37:55.640000,4079.649,4078.933,2250,4190
2021-04-07 00:37:55.690000,4079.649,4078.933,2250,2250
2021-04-07 00:37:55.960000,4079.603,4079.048,460,2250
2021-04-07 00:37:56.010000,4079.764,4079.099,2250,2250
2021-04-07 00:38:00.927000,4079.501,4078.842,2250,4190
2021-04-07 00:38:00.977000,4079.546,4078.851,2250,2250
2021-04-07 00:38:09.441000,4079.257,4078.842,460,2250
2021-04-07 00:38:09.491000,4079.258,4078.542,2250,2250
2021-04-07 00:38:24.662000,4079.26,4078.833,460,2250
2021-04-07 00:38:24.712000,4079.561,4078.845,2250,2250
2021-04-07 00:38:48.542000,4079.258,4078.599,2250,4190
2021-04-07 00:38:48.592000,4079.255,4078.539,2250,2250
2021-04-07 00:39:09.052000,4079.052,4078.345,2250,4190
2021-04-07 00:39:09.102000,4079.049,4078.333,2250,2250
2021-04-07 00:39:26.103000,4078.758,4078.054,2250,4190
2021-04-07 00:39:26.153000,4078.701,4078.033,2250,2250
2021-04-07 00:39:30.039000,4078.76,4078.348,460,2250
2021-04-07 00:39:30.090000,4079.058,4078.354,2250,2250
2021-04-07 00:39:44.892000,4079.063,4078.536,460,2250
2021-04-07 00:39:44.942000,4079.246,4078.539,2250,2250
2021-04-07 00:39:48.208000,4079.067,4078.354,2250,4190
2021-04-07 00:39:48.258000,4079.067,4078.348,2250,2250
2021-04-07 00:39:50.750000,4079.267,4078.599,2250,2250
2021-04-07 00:39:51.192000,4079.052,4078.336,2250,4190
2021-04-07 00:39:51.243000,4079.052,4078.354,2250,2250
2021-04-07 00:40:18.816000,4078.961,4078.242,2250,2250
2021-04-07 00:40:18.963000,4078.767,4078.039,2250,4190
2021-04-07 00:40:19.014000,4078.764,4078.042,2250,2250
2021-04-07 00:40:24.377000,4078.769,4078.354,460,2250
2021-04-07 00:40:24.427000,4079.064,4078.336,2250,2250
2021-04-07 00:40:35.981000,4078.749,4078.054,2250,2250
2021-04-07 00:40:41.722000,4078.757,4078.399,460,2250
2021-04-07 00:40:41.772000,4079.058,4078.336,2250,2250
2021-04-07 00:40:42.041000,4078.761,4078.054,2250,2250
2021-04-07 00:40:42.585000,4078.901,4078.299,2250,2250
2021-04-07 00:40:42.724000,4078.966,4078.345,460,2250
2021-04-07 00:40:42.775000,4079.067,4078.345,2250,2250
2021-04-07 00:40:42.915000,4078.964,4078.299,2250,2250
2021-04-07 00:40:43.429000,4078.954,4078.354,460,2250
2021-04-07 00:40:43.480000,4079.067,4078.345,2250,2250
2021-04-07 00:41:17.186000,4079.066,4078.599,460,2250
2021-04-07 00:41:17.236000,4079.255,4078.548,2250,2250
2021-04-07 00:41:27.291000,4079.257,4078.845,460,2250
2021-04-07 00:41:27.342000,4079.561,4078.833,2250,2250
2021-04-07 00:41:31.229000,4079.557,4079.051,460,2250
2021-04-07 00:41:31.280000,4079.755,4079.039,2250,2250
2021-04-07 00:41:36.637000,4079.757,4079.348,460,2250
2021-04-07 00:41:36.687000,4080.055,4079.399,2250,2250
2021-04-07 00:42:18.853000,4079.761,4079.033,2250,4190
2021-04-07 00:42:18.903000,4079.746,4079.048,2250,2250
2021-04-07 00:42:19.350000,4079.763,4079.336,460,2250
2021-04-07 00:42:19.401000,4080.058,4079.348,2250,2250
2021-04-07 00:42:23.371000,4079.755,4079.048,2250,4190
2021-04-07 00:42:23.421000,4079.752,4079.051,2250,2250
2021-04-07 00:42:25.948000,4080.049,4079.399,2250,2250
2021-04-07 00:42:28.374000,4079.964,4079.245,2250,4190
2021-04-07 00:42:28.424000,4079.958,4079.248,2250,2250
2021-04-07 00:42:29.477000,4079.957,4079.342,460,2250
2021-04-07 00:42:29.527000,4080.001,4079.339,2250,2250
2021-04-07 00:42:31.230000,4079.767,4079.099,2250,2250
2021-04-07 00:42:35.784000,4079.754,4079.333,460,2250
2021-04-07 00:42:35.835000,4080.058,4079.345,2250,2250
2021-04-07 00:42:37.173000,4079.961,4079.236,2250,2250
2021-04-07 00:42:38.015000,4079.764,4079.033,2250,4190
2021-04-07 00:42:38.066000,4079.752,4079.042,2250,2250
2021-04-07 00:42:57.128000,4079.76,4079.254,460,2250
2021-04-07 00:42:57.178000,4079.967,4079.254,2250,2250
2021-04-07 00:42:57.308000,4080.001,4079.342,2250,2250
2021-04-07 00:42:58.353000,4079.755,4079.036,2250,4190
2021-04-07 00:42:58.403000,4079.755,4079.033,2250,2250
2021-04-07 00:43:00.310000,4079.769,4079.251,460,2250
2021-04-07 00:43:00.361000,4079.967,4079.236,2250,2250
2021-04-07 00:43:00.470000,4079.749,4079.054,2250,4190
2021-04-07 00:43:00.521000,4079.749,4079.051,2250,2250
2021-04-07 00:43:02.052000,4079.766,4079.333,460,2250
2021-04-07 00:43:02.103000,4080.058,4079.348,2250,2250
2021-04-07 00:43:03.461000,4079.755,4079.054,2250,4190
2021-04-07 00:43:03.512000,4079.752,4079.042,2250,2250
2021-04-07 00:43:16.579000,4079.769,4079.345,460,2250
2021-04-07 00:43:16.629000,4080.046,4079.345,2250,2250
2021-04-07 00:43:17.394000,4079.758,4079.051,2250,4190
2021-04-07 00:43:17.444000,4079.755,4079.048,2250,2250
2021-04-07 00:43:17.554000,4079.751,4079.239,460,2250
2021-04-07 00:43:17.605000,4079.961,4079.254,2250,2250
2021-04-07 00:43:17.715000,4079.761,4079.045,2250,4190
2021-04-07 00:43:17.765000,4079.701,4079.048,2250,2250
2021-04-07 00:43:23.917000,4079.703,4079.348,460,2250
2021-04-07 00:43:23.967000,4080.061,4079.354,2250,2250
2021-04-07 00:43:36.711000,4079.701,4079.099,2250,4190
2021-04-07 00:43:36.761000,4079.758,4079.054,2250,2250
2021-04-07 00:43:39.969000,4079.763,4079.354,460,2250
2021-04-07 00:43:40.019000,4080.001,4079.348,2250,2250
2021-04-07 00:44:02.541000,4080.057,4079.536,460,2250
2021-04-07 00:44:02.592000,4080.255,4079.551,2250,2250
2021-04-07 00:44:04.071000,4080.046,4079.333,2250,4190
2021-04-07 00:44:04.122000,4080.058,4079.351,2250,2250
2021-04-07 00:44:04.547000,4080.003,4079.499,460,2250
2021-04-07 00:44:04.597000,4080.161,4079.499,2250,2250
2021-04-07 00:44:05.534000,4080.049,4079.351,2250,4190
2021-04-07 00:44:05.585000,4080.067,4079.399,2250,2250
2021-04-07 00:44:12.926000,4079.767,4079.039,2250,4190
2021-04-07 00:44:12.977000,4079.755,4079.051,2250,2250
2021-04-07 00:44:14.280000,4079.703,4079.345,460,2250
2021-04-07 00:44:14.330000,4080.061,4079.339,2250,2250
2021-04-07 00:44:15.231000,4079.761,4079.054,2250,2250
2021-04-07 00:44:36.577000,4079.555,4078.851,2250,4190
2021-04-07 00:44:36.628000,4079.555,4078.839,2250,2250
2021-04-07 00:44:36.898000,4079.566,4078.945,460,2250
2021-04-07 00:44:36.948000,4079.655,4078.954,2250,2250
2021-04-07 00:44:37.058000,4079.66,4079.051,460,2250
2021-04-07 00:44:37.108000,4079.755,4079.042,2250,2250
2021-04-07 00:44:37.819000,4079.567,4078.833,2250,4190
2021-04-07 00:44:37.869000,4079.549,4078.851,2250,2250
2021-04-07 00:44:38.003000,4079.752,4079.036,2250,2250
2021-04-07 00:44:38.333000,4079.558,4078.848,2250,2250
2021-04-07 00:44:47.921000,4079.569,4078.954,460,2250
2021-04-07 00:44:47.971000,4079.652,4078.939,2250,2250
2021-04-07 00:44:48.080000,4079.546,4078.899,2250,4190
2021-04-07 00:44:48.131000,4079.555,4078.851,2250,2250
2021-04-07 00:44:48.760000,4079.569,4078.999,460,2250
2021-04-07 00:44:48.810000,4079.658,4078.954,2250,2250
2021-04-07 00:44:48.920000,4079.657,4079.045,460,2250
2021-04-07 00:44:48.971000,4079.761,4079.042,2250,2250
2021-04-07 00:44:59.198000,4079.546,4078.833,2250,4190
2021-04-07 00:44:59.248000,4079.558,4078.845,2250,2250
2021-04-07 00:44:59.356000,4079.566,4079.036,460,2250
2021-04-07 00:44:59.406000,4079.746,4079.099,2250,2250
2021-04-07 00:45:00.610000,4079.549,4078.854,2250,4190
2021-04-07 00:45:00.661000,4079.564,4078.848,2250,2250
2021-04-07 00:45:15.536000,4079.554,4079.054,460,2250
2021-04-07 00:45:15.586000,4079.767,4079.054,2250,2250
2021-04-07 00:45:29.426000,4079.561,4078.854,2250,4190
2021-04-07 00:45:29.477000,4079.558,4078.839,2250,2250
2021-04-07 00:45:33.298000,4079.503,4079.033,460,2250
2021-04-07 00:45:33.349000,4079.752,4079.033,2250,2250
2021-04-07 00:45:34.327000,4079.552,4078.851,2250,4190
2021-04-07 00:45:34.378000,4079.546,4078.899,2250,2250
2021-04-07 00:46:21.609000,4079.461,4078.799,2250,4190
2021-04-07 00:46:21.660000,4079.467,4078.751,2250,2250
2021-04-07 00:46:21.770000,4079.403,4078.833,460,2250
2021-04-07 00:46:21.820000,4079.549,4078.842,2250,2250
2021-04-07 00:46:22.415000,4079.252,4078.542,2250,4190
2021-04-07 00:46:22.465000,4079.246,4078.548,2250,2250
2021-04-07 00:46:23.248000,4079.266,4078.751,460,2250
2021-04-07 00:46:23.298000,4079.452,4078.754,2250,2250
2021-04-07 00:46:24.024000,4079.454,4078.848,460,2250
2021-04-07 00:46:24.075000,4079.567,4078.845,2250,2250
2021-04-07 00:46:42.171000,4079.461,4078.799,2250,4190
2021-04-07 00:46:42.221000,4079.464,4078.739,2250,2250
2021-04-07 00:46:42.332000,4079.454,4078.854,460,2250
2021-04-07 00:46:42.382000,4079.552,4078.839,2250,2250
2021-04-07 00:47:12.515000,4079.264,4078.536,2250,2250
2021-04-07 00:47:15.143000,4079.061,4078.348,2250,2250
2021-04-07 00:47:20.094000,4078.761,4078.099,2250,2250
2021-04-07 00:47:31.790000,4078.748,4078.333,460,2250
2021-04-07 00:47:31.840000,4079.067,4078.336,2250,2250
2021-04-07 00:47:34.948000,4078.749,4078.045,2250,2250
2021-04-07 00:47:39.064000,4078.703,4078.351,460,2250
2021-04-07 00:47:39.115000,4079.055,4078.333,2250,2250
2021-04-07 00:47:53.993000,4079.06,4078.536,460,2250
2021-04-07 00:47:54.043000,4079.201,4078.554,2250,2250
2021-04-07 00:47:56.729000,4079.046,4078.399,2250,2250
2021-04-07 00:48:02.375000,4079.051,4078.545,460,2250
2021-04-07 00:48:02.426000,4079.249,4078.551,2250,2250
2021-04-07 00:48:05.313000,4079.564,4078.854,2250,2250
2021-04-07 00:48:05.456000,4079.255,4078.554,2250,4190
2021-04-07 00:48:05.507000,4079.258,4078.548,2250,2250
2021-04-07 00:48:05.643000,4079.561,4078.854,2250,2250
2021-04-07 00:48:06.821000,4079.401,4078.736,2250,4190
2021-04-07 00:48:06.871000,4079.401,4078.754,2250,2250
2021-04-07 00:48:06.982000,4079.267,4078.599,2250,4190
2021-04-07 00:48:07.032000,4079.249,4078.554,2250,2250
2021-04-07 00:48:20.827000,4079.561,4078.848,2250,2250
2021-04-07 00:48:30.074000,4079.264,4078.539,2250,2250
2021-04-07 00:48:30.521000,4079.263,4078.799,460,2250
2021-04-07 00:48:30.571000,4079.401,4078.754,2250,2250
2021-04-07 00:48:30.900000,4079.258,4078.542,2250,4190
2021-04-07 00:48:30.951000,4079.249,4078.599,2250,2250
2021-04-07 00:48:35.350000,4079.401,4078.739,2250,2250
2021-04-07 00:48:35.949000,4079.246,4078.536,2250,4190
2021-04-07 00:48:35.999000,4079.267,4078.551,2250,2250
2021-04-07 00:49:22.653000,4079.263,4078.899,460,2250
2021-04-07 00:49:22.703000,4079.552,4078.842,2250,2250
2021-04-07 00:49:26.238000,4079.255,4078.536,2250,4190
2021-04-07 00:49:26.289000,4079.249,4078.551,2250,2250
2021-04-07 00:49:29.813000,4079.555,4078.899,2250,2250
2021-04-07 00:49:54.606000,4079.264,4078.548,2250,4190
2021-04-07 00:49:54.656000,4079.255,4078.545,2250,2250
2021-04-07 00:50:22.079000,4079.257,4078.851,460,2250
2021-04-07 00:50:22.130000,4079.555,4078.899,2250,2250
2021-04-07 00:50:33.211000,4079.258,4078.542,2250,4190
2021-04-07 00:50:33.261000,4079.261,4078.542,2250,2250
2021-04-07 00:51:30.539000,4079.061,4078.354,2250,4190
2021-04-07 00:51:30.590000,4079.046,4078.342,2250,2250
2021-04-07 00:51:30.699000,4079.003,4078.533,460,2250
2021-04-07 00:51:30.749000,4079.249,4078.542,2250,2250
2021-04-07 00:51:39.259000,4079.001,4078.348,2250,4190
2021-04-07 00:51:39.309000,4079.052,4078.342,2250,2250
2021-04-07 00:51:42.170000,4079.267,4078.539,2250,2250
2021-04-07 00:51:43.826000,4079.001,4078.333,2250,4190
2021-04-07 00:51:43.876000,4079.052,4078.336,2250,2250
2021-04-07 00:51:49.433000,4079.261,4078.533,2250,2250
2021-04-07 00:51:52.021000,4079.155,4078.442,2250,4190
2021-04-07 00:51:52.072000,4079.155,4078.436,2250,2250
2021-04-07 00:51:52.440000,4079.067,4078.348,2250,4190
2021-04-07 00:51:52.490000,4079.067,4078.348,2250,2250
2021-04-07 00:51:53.861000,4079.057,4078.545,460,2250
2021-04-07 00:51:53.911000,4079.261,4078.545,2250,2250
2021-04-07 00:52:09.571000,4079.558,4078.851,2250,2250
2021-04-07 00:52:14.856000,4079.252,4078.536,2250,4190
2021-04-07 00:52:14.906000,4079.255,4078.533,2250,2250
2021-04-07 00:52:29.077000,4079.152,4078.454,2250,4190
2021-04-07 00:52:29.127000,4079.155,4078.433,2250,2250
2021-04-07 00:52:30.900000,4079.154,4078.599,460,2250
2021-04-07 00:52:30.950000,4079.246,4078.542,2250,2250
2021-04-07 00:52:36.009000,4079.064,4078.333,2250,4190
2021-04-07 00:52:36.059000,4079.055,4078.339,2250,2250
2021-04-07 00:53:10.559000,4078.767,4078.054,2250,4190
2021-04-07 00:53:10.610000,4078.752,4078.033,2250,2250
2021-04-07 00:53:36.175000,4078.558,4077.854,2250,2250
2021-04-07 00:53:52.916000,4078.566,4078.039,460,2250
2021-04-07 00:53:52.967000,4078.746,4078.048,2250,2250
2021-04-07 00:54:08.297000,4078.766,4078.245,460,2250
2021-04-07 00:54:08.347000,4078.964,4078.245,2250,2250
2021-04-07 00:54:08.458000,4078.948,4078.333,460,2250
2021-04-07 00:54:08.509000,4079.064,4078.342,2250,2250
2021-04-07 00:54:10.392000,4078.761,4078.045,2250,2250
2021-04-07 00:54:11.229000,4078.703,4078.239,460,2250
2021-04-07 00:54:11.279000,4078.949,4078.242,2250,2250
2021-04-07 00:54:12.091000,4078.755,4078.045,2250,4190
2021-04-07 00:54:12.141000,4078.758,4078.051,2250,2250
2021-04-07 00:54:51.196000,4078.754,4078.254,460,2250
2021-04-07 00:54:51.246000,4078.949,4078.299,2250,2250
2021-04-07 00:54:51.994000,4078.755,4078.042,2250,4190
2021-04-07 00:54:52.044000,4078.752,4078.036,2250,2250
2021-04-07 00:54:52.456000,4078.76,4078.239,460,2250
2021-04-07 00:54:52.506000,4078.955,4078.233,2250,2250
2021-04-07 00:54:55.177000,4078.948,4078.339,460,2250
2021-04-07 00:54:55.227000,4079.064,4078.348,2250,2250
2021-04-07 00:54:57.818000,4078.955,4078.251,2250,4190
2021-04-07 00:54:57.868000,4078.952,4078.233,2250,2250
2021-04-07 00:54:57.979000,4078.954,4078.333,460,2250
2021-04-07 00:54:58.029000,4079.001,4078.345,2250,2250
2021-04-07 00:55:14.569000,4079.051,4078.451,460,2250
2021-04-07 00:55:14.620000,4079.158,4078.448,2250,2250
2021-04-07 00:55:14.763000,4079.249,4078.554,2250,2250
2021-04-07 00:55:15.093000,4079.049,4078.345,2250,2250
2021-04-07 00:55:15.939000,4079.06,4078.599,460,2250
2021-04-07 00:55:15.989000,4079.252,4078.554,2250,2250
2021-04-07 00:55:17.679000,4079.161,4078.448,2250,4190
2021-04-07 00:55:17.729000,4079.158,4078.445,2250,2250
2021-04-07 00:55:20.738000,4079.055,4078.345,2250,4190
2021-04-07 00:55:20.788000,4079.049,4078.345,2250,2250
2021-04-07 00:55:25.517000,4079.069,4078.436,460,2250
2021-04-07 00:55:25.567000,4079.101,4078.451,2250,2250
2021-04-07 00:55:28.077000,4079.166,4078.539,460,2250
2021-04-07 00:55:28.128000,4079.255,4078.548,2250,2250
2021-04-07 00:55:28.503000,4079.052,4078.399,2250,4190
2021-04-07 00:55:28.553000,4079.055,4078.342,2250,2250
2021-04-07 00:55:35.145000,4079.158,4078.436,2250,2250
2021-04-07 00:55:36.217000,4079.252,4078.545,2250,2250
2021-04-07 00:55:41.392000,4079.167,4078.439,2250,4190
2021-04-07 00:55:41.442000,4079.167,4078.436,2250,2250
2021-04-07 00:55:41.553000,4079.052,4078.354,2250,4190
2021-04-07 00:55:41.604000,4079.001,4078.399,2250,2250
2021-04-07 00:55:43.911000,4079.048,4078.533,460,2250
2021-04-07 00:55:43.961000,4079.249,4078.554,2250,2250
2021-04-07 00:55:44.229000,4079.061,4078.348,2250,4190
2021-04-07 00:55:44.279000,4079.061,4078.336,2250,2250
2021-04-07 00:56:06.495000,4079.003,4078.536,460,2250
2021-04-07 00:56:06.546000,4079.258,4078.542,2250,2250
2021-04-07 00:56:44.457000,4079.251,4078.899,460,2250
2021-04-07 00:56:44.508000,4079.552,4078.842,2250,2250
2021-04-07 00:56:55.038000,4079.249,4078.539,2250,4190
2021-04-07 00:56:55.089000,4079.252,4078.554,2250,2250
2021-04-07 00:56:58.411000,4079.052,4078.354,2250,2250
2021-04-07 00:56:58.929000,4079.057,4078.533,460,2250
2021-04-07 00:56:58.979000,4079.201,4078.554,2250,2250
2021-04-07 00:57:01.124000,4079.149,4078.442,2250,4190
2021-04-07 00:57:01.174000,4079.155,4078.442,2250,2250
2021-04-07 00:57:01.770000,4079.163,4078.533,460,2250
2021-04-07 00:57:01.820000,4079.261,4078.548,2250,2250
2021-04-07 00:57:43.004000,4079.061,4078.399,2250,4190
2021-04-07 00:57:43.055000,4079.064,4078.342,2250,2250
2021-04-07 00:57:51.995000,4079.001,4078.342,2250,4190
2021-04-07 00:57:52.046000,4079.267,4078.539,2250,2250
2021-04-07 00:57:54.451000,4079.167,4078.439,2250,4190
2021-04-07 00:57:54.501000,4079.146,4078.451,2250,2250
2021-04-07 00:57:55.544000,4079.157,4078.599,460,2250
2021-04-07 00:57:55.594000,4079.267,4078.548,2250,2250
2021-04-07 00:57:56.649000,4079.149,4078.433,2250,4190
2021-04-07 00:57:56.700000,4079.155,4078.442,2250,2250
2021-04-07 00:57:56.835000,4079.055,4078.339,2250,2250
2021-04-07 00:58:00.222000,4079.054,4078.551,460,2250
2021-04-07 00:58:00.272000,4079.255,4078.545,2250,2250
2021-04-07 00:58:04.654000,4079.001,4078.342,2250,4190
2021-04-07 00:58:04.705000,4079.046,4078.342,2250,2250
2021-04-07 00:58:09.817000,4079.066,4078.499,460,2250
2021-04-07 00:58:09.867000,4079.167,4078.442,2250,2250
2021-04-07 00:58:11.760000,4079.148,4078.542,460,2250
2021-04-07 00:58:11.810000,4079.201,4078.548,2250,2250
2021-04-07 00:58:14.749000,4079.046,4078.336,2250,4190
2021-04-07 00:58:14.799000,4079.067,4078.399,2250,2250
2021-04-07 00:59:02.029000,4079.057,4078.533,460,2250
2021-04-07 00:59:02.080000,4079.249,4078.548,2250,2250
2021-04-07 00:59:36.807000,4079.169,4078.539,460,2250
2021-04-07 00:59:36.857000,4079.146,4078.499,2250,2250
2021-04-07 00:59:38.659000,4079.049,4078.348,2250,4190
2021-04-07 00:59:38.710000,4079.061,4078.345,2250,2250
2021-04-07 00:59:40.036000,4079.069,4078.542,460,2250
2021-04-07 00:59:40.086000,4079.255,4078.542,2250,2250
2021-04-07 01:00:00.385000,4079.101,4078.433,2250,4190
2021-04-07 01:00:00.435000,4079.167,4078.454,2250,2250
2021-04-07 01:00:00.546000,4079.166,4078.554,460,2250
2021-04-07 01:00:00.597000,4079.261,4078.542,2250,2250
2021-04-07 01:00:14.952000,4079.248,4078.899,460,2250
2021-04-07 01:00:15.003000,4079.501,4078.839,2250,2250
2021-04-07 01:00:17.053000,4079.267,4078.542,2250,4190
2021-04-07 01:00:17.103000,4079.201,4078.533,2250,2250
2021-04-07 01:00:35.451000,4079.067,4078.348,2250,4190
2021-04-07 01:00:35.501000,4079.055,4078.342,2250,2250
2021-04-07 01:00:35.813000,4079.057,4078.542,460,2250
2021-04-07 01:00:35.864000,4079.267,4078.536,2250,2250
2021-04-07 01:00:35.974000,4079.167,4078.436,2250,4190
2021-04-07 01:00:36.025000,4079.158,4078.433,2250,2250
2021-04-07 01:00:37.137000,4079.103,4078.545,460,2250
2021-04-07 01:00:37.188000,4079.261,4078.554,2250,2250
2021-04-07 01:00:38.177000,4079.067,4078.351,2250,4190
2021-04-07 01:00:38.227000,4079.061,4078.333,2250,2250
2021-04-07 01:01:07.568000,4078.964,4078.251,2250,4190
2021-04-07 01:01:07.619000,4078.967,4078.245,2250,2250
2021-04-07 01:01:07.727000,4078.969,4078.336,460,2250
2021-04-07 01:01:07.778000,4079.064,4078.354,2250,2250
2021-04-07 01:01:09.206000,4078.746,4078.033,2250,4190
2021-04-07 01:01:09.256000,4078.761,4078.051,2250,2250
2021-04-07 01:01:41.477000,4078.561,4077.854,2250,4190
2021-04-07 01:01:41.528000,4078.546,4077.842,2250,2250
2021-04-07 01:01:41.788000,4078.554,4078.048,460,2250
2021-04-07 01:01:41.839000,4078.767,4078.036,2250,2250
2021-04-07 01:01:43.969000,4078.546,4077.848,2250,4190
2021-04-07 01:01:44.019000,4078.564,4077.845,2250,2250
2021-04-07 01:01:52.201000,4078.064,4077.342,2250,2250
2021-04-07 01:01:54.563000,4077.746,4077.051,2250,4190
2021-04-07 01:01:54.613000,4077.764,4077.045,2250,2250
2021-04-07 01:02:03.462000,4077.766,4077.351,460,2250
2021-04-07 01:02:03.512000,4078.055,4077.339,2250,2250
2021-04-07 01:02:03.632000,4077.752,4077.099,2250,4190
2021-04-07 01:02:03.682000,4077.749,4077.048,2250,2250
2021-04-07 01:02:11.384000,4077.766,4077.399,460,2250
2021-04-07 01:02:11.434000,4078.067,4077.354,2250,2250
2021-04-07 01:02:15.760000,4078.06,4077.554,460,2250
2021-04-07 01:02:15.811000,4078.246,4077.539,2250,2250
2021-04-07 01:02:17.092000,4078.049,4077.351,2250,4190
2021-04-07 01:02:17.143000,4078.049,4077.336,2250,2250
2021-04-07 01:02:20.600000,4078.048,4077.542,460,2250
2021-04-07 01:02:20.650000,4078.264,4077.599,2250,2250
2021-04-07 01:02:35.055000,4078.246,4077.551,2250,4190
2021-04-07 01:02:35.105000,4078.501,4077.851,2250,2250
2021-04-07 01:02:54.458000,4078.267,4077.551,2250,4190
2021-04-07 01:02:54.508000,4078.255,4077.599,2250,2250
2021-04-07 01:02:59.901000,4078.052,4077.339,2250,4190
2021-04-07 01:02:59.952000,4078.061,4077.354,2250,2250
2021-04-07 01:03:01.126000,4078.003,4077.548,460,2250
2021-04-07 01:03:01.177000,4078.267,4077.545,2250,2250
2021-04-07 01:03:10.226000,4078.263,4077.842,460,2250
2021-04-07 01:03:10.277000,4078.558,4077.839,2250,2250
2021-04-07 01:03:26.794000,4078.246,4077.536,2250,4190
2021-04-07 01:03:26.845000,4078.252,4077.536,2250,2250
2021-04-07 01:03:26.963000,4078.254,4077.833,460,2250
2021-04-07 01:03:27.013000,4078.546,4077.842,2250,2250
2021-04-07 01:04:03.244000,4078.246,4077.536,2250,2250
2021-04-07 01:04:05.556000,4078.501,4077.845,2250,2250
2021-04-07 01:04:05.705000,4078.255,4077.599,2250,4190
2021-04-07 01:04:05.756000,4078.252,4077.599,2250,2250
2021-04-07 01:04:06.801000,4078.248,4077.836,460,2250
2021-04-07 01:04:06.852000,4078.546,4077.836,2250,2250
2021-04-07 01:04:08.383000,4078.464,4077.733,2250,4190
2021-04-07 01:04:08.433000,4078.455,4077.799,2250,2250
2021-04-07 01:04:08.764000,4078.261,4077.548,2250,4190
2021-04-07 01:04:08.815000,4078.252,4077.539,2250,2250
2021-04-07 01:04:09.625000,4078.263,4077.733,460,2250
2021-04-07 01:04:09.675000,4078.446,4077.733,2250,2250
2021-04-07 01:04:09.783000,4078.461,4077.754,2250,4190
2021-04-07 01:04:09.834000,4078.552,4077.845,2250,2250
2021-04-07 01:04:24.137000,4078.548,4077.945,460,2250
2021-04-07 01:04:24.187000,4078.601,4077.939,2250,2250
2021-04-07 01:04:25.234000,4078.561,4077.899,2250,4190
2021-04-07 01:04:25.284000,4078.567,4077.848,2250,2250
2021-04-07 01:04:27.290000,4078.548,4077.999,460,2250
2021-04-07 01:04:27.340000,4078.655,4077.999,2250,2250
2021-04-07 01:04:28.994000,4078.555,4077.848,2250,2250
2021-04-07 01:04:35.924000,4078.464,4077.799,2250,2250
2021-04-07 01:04:36.914000,4078.246,4077.554,2250,2250
2021-04-07 01:04:41.225000,4078.266,4077.845,460,2250
2021-04-07 01:04:41.275000,4078.558,4077.842,2250,2250
2021-04-07 01:04:53.091000,4078.246,4077.536,2250,2250
2021-04-07 01:04:54.081000,4078.401,4077.751,2250,2250
2021-04-07 01:04:54.358000,4078.261,4077.548,2250,4190
2021-04-07 01:04:54.409000,4078.201,4077.545,2250,2250
2021-04-07 01:04:54.778000,4078.248,4077.848,460,2250
2021-04-07 01:04:54.828000,4078.552,4077.854,2250,2250
2021-04-07 01:05:01.307000,4078.267,4077.551,2250,4190
2021-04-07 01:05:01.357000,4078.267,4077.533,2250,2250
2021-04-07 01:05:01.786000,4078.266,4077.842,460,2250
2021-04-07 01:05:01.836000,4078.558,4077.851,2250,2250
2021-04-07 01:05:06.813000,4078.449,4077.748,2250,4190
2021-04-07 01:05:06.863000,4078.467,4077.799,2250,2250
2021-04-07 01:05:07.205000,4078.448,4077.899,460,2250
2021-04-07 01:05:07.255000,4078.561,4077.845,2250,2250
2021-04-07 01:05:07.355000,4078.452,4077.799,2250,4190
2021-04-07 01:05:07.405000,4078.458,4077.745,2250,2250
2021-04-07 01:05:09.201000,4078.469,4077.845,460,2250
2021-04-07 01:05:09.251000,4078.555,4077.839,2250,2250
2021-04-07 01:05:10.315000,4078.449,4077.751,2250,4190
2021-04-07 01:05:10.365000,4078.446,4077.739,2250,2250
2021-04-07 01:05:11.414000,4078.451,4077.842,460,2250
2021-04-07 01:05:11.465000,4078.546,4077.833,2250,2250
2021-04-07 01:05:17.747000,4078.264,4077.539,2250,4190
2021-04-07 01:05:17.797000,4078.258,4077.548,2250,2250
2021-04-07 01:05:19.751000,4078.251,4077.839,460,2250
2021-04-07 01:05:19.802000,4078.555,4077.842,2250,2250
2021-04-07 01:05:20.266000,4078.401,4077.736,2250,4190
2021-04-07 01:05:20.316000,4078.461,4077.736,2250,2250
2021-04-07 01:05:22.154000,4078.564,4077.854,2250,2250
2021-04-07 01:05:25.453000,4078.401,4077.736,2250,2250
2021-04-07 01:05:25.607000,4078.258,4077.539,2250,2250
2021-04-07 01:05:26.113000,4078.458,4077.748,2250,2250
2021-04-07 01:05:26.249000,4078.46,4077.845,460,2250
2021-04-07 01:05:26.299000,4078.567,4077.848,2250,2250
2021-04-07 01:05:27.271000,4078.467,4077.739,2250,4190
2021-04-07 01:05:27.322000,4078.401,4077.754,2250,2250
2021-04-07 01:05:27.433000,4078.451,4077.854,460,2250
2021-04-07 01:05:27.483000,4078.567,4077.845,2250,2250
2021-04-07 01:05:38.574000,4078.446,4077.745,2250,4190
2021-04-07 01:05:38.624000,4078.461,4077.736,2250,2250
2021-04-07 01:05:38.752000,4078.251,4077.745,460,2250
2021-04-07 01:05:38.803000,4078.258,4077.542,2250,2250
2021-04-07 01:05:44.413000,4078.263,4077.748,460,2250
2021-04-07 01:05:44.463000,4078.455,4077.748,2250,2250
2021-04-07 01:05:46.614000,4078.449,4077.751,2250,4190
2021-04-07 01:05:46.664000,4078.501,4077.839,2250,2250
2021-04-07 01:05:48.782000,4078.246,4077.536,2250,4190
2021-04-07 01:05:48.833000,4078.264,4077.554,2250,2250
2021-04-07 01:05:56.007000,4078.067,4077.399,2250,4190
2021-04-07 01:05:56.057000,4078.049,4077.348,2250,2250
2021-04-07 01:06:01.307000,4077.761,4077.042,2250,4190
2021-04-07 01:06:01.358000,4077.752,4077.042,2250,2250
2021-04-07 01:06:09.134000,4077.76,4077.351,460,2250
2021-04-07 01:06:09.185000,4078.064,4077.339,2250,2250
2021-04-07 01:06:28.878000,4078.048,4077.539,460,2250
2021-04-07 01:06:28.929000,4078.258,4077.551,2250,2250
2021-04-07 01:07:14.570000,4078.248,4077.845,460,2250
2021-04-07 01:07:14.621000,4078.501,4077.839,2250,2250
2021-04-07 01:07:53.766000,4078.56,4077.939,460,2250
2021-04-07 01:07:53.816000,4078.646,4077.942,2250,2250
2021-04-07 01:07:54.405000,4078.651,4078.099,460,2250
2021-04-07 01:07:54.455000,4078.758,4078.048,2250,2250
2021-04-07 01:07:54.886000,4078.655,4077.936,2250,4190
2021-04-07 01:07:54.937000,4078.658,4077.945,2250,2250
2021-04-07 01:07:55.049000,4078.555,4077.851,2250,2250
2021-04-07 01:08:22.936000,4078.554,4077.948,460,2250
2021-04-07 01:08:22.986000,4078.661,4077.951,2250,2250
2021-04-07 01:08:23.622000,4078.558,4077.848,2250,4190
2021-04-07 01:08:23.673000,4078.555,4077.842,2250,2250
2021-04-07 01:08:53.736000,4078.557,4077.936,460,2250
2021-04-07 01:08:53.787000,4078.658,4077.945,2250,2250
2021-04-07 01:08:54.646000,4078.546,4077.848,2250,4190
2021-04-07 01:08:54.696000,4078.564,4077.854,2250,2250
2021-04-07 01:09:04.758000,4078.56,4078.042,460,2250
2021-04-07 01:09:04.808000,4078.767,4078.048,2250,2250
2021-04-07 01:09:05.599000,4078.661,4077.939,2250,4190
2021-04-07 01:09:05.649000,4078.646,4077.936,2250,2250
2021-04-07 01:09:06.134000,4078.654,4078.042,460,2250
2021-04-07 01:09:06.184000,4078.764,4078.045,2250,2250
2021-04-07 01:09:06.647000,4078.566,4078.051,460,2250
2021-04-07 01:09:06.697000,4078.546,4077.842,2250,2250
2021-04-07 01:10:05.322000,4078.56,4077.945,460,2250
2021-04-07 01:10:05.372000,4078.646,4077.951,2250,2250
2021-04-07 01:10:05.974000,4078.501,4077.833,2250,4190
2021-04-07 01:10:06.024000,4078.558,4077.848,2250,2250
2021-04-07 01:10:06.140000,4078.554,4078.048,460,2250
2021-04-07 01:10:06.190000,4078.752,4078.039,2250,2250
2021-04-07 01:10:06.611000,4078.655,4077.999,2250,4190
2021-04-07 01:10:06.662000,4078.664,4077.951,2250,2250
2021-04-07 01:10:06.783000,4078.749,4078.048,2250,2250
2021-04-07 01:10:07.634000,4078.561,4077.845,2250,2250
2021-04-07 01:10:10.585000,4078.557,4077.933,460,2250
2021-04-07 01:10:10.635000,4078.664,4077.939,2250,2250
2021-04-07 01:10:11.143000,4078.648,4078.051,460,2250
2021-04-07 01:10:11.193000,4078.746,4078.099,2250,2250
2021-04-07 01:10:12.213000,4078.564,4077.836,2250,4190
2021-04-07 01:10:12.264000,4078.546,4077.839,2250,2250
2021-04-07 01:10:20.771000,4078.503,4078.048,460,2250
2021-04-07 01:10:20.822000,4078.755,4078.051,2250,2250
2021-04-07 01:10:21.641000,4078.552,4077.848,2250,2250
2021-04-07 01:10:22.392000,4078.554,4078.054,460,2250
2021-04-07 01:10:22.443000,4078.764,4078.045,2250,2250
2021-04-07 01:10:24.665000,4078.561,4077.848,2250,4190
2021-04-07 01:10:24.716000,4078.501,4077.851,2250,2250
2021-04-07 01:10:28.604000,4078.503,4078.048,460,2250
2021-04-07 01:10:28.654000,4078.764,4078.051,2250,2250
2021-04-07 01:10:30.407000,4078.552,4077.899,2250,4190
2021-04-07 01:10:30.457000,4078.564,4077.836,2250,2250
2021-04-07 01:10:32.142000,4078.569,4078.054,460,2250
2021-04-07 01:10:32.193000,4078.758,4078.033,2250,2250
2021-04-07 01:10:32.375000,4078.655,4077.939,2250,4190
2021-04-07 01:10:32.426000,4078.664,4077.933,2250,2250
2021-04-07 01:10:32.683000,4078.651,4078.036,460,2250
2021-04-07 01:10:32.733000,4078.749,4078.042,2250,2250
2021-04-07 01:10:33.954000,4078.555,4077.899,2250,4190
2021-04-07 01:10:34.004000,4078.546,4077.845,2250,2250
2021-04-07 01:10:36.996000,4078.569,4078.036,460,2250
2021-04-07 01:10:37.046000,4078.764,4078.099,2250,2250
2021-04-07 01:11:01.589000,4078.567,4077.839,2250,2250
2021-04-07 01:11:07.531000,4078.764,4078.042,2250,2250
2021-04-07 01:11:19.562000,4078.664,4077.948,2250,4190
2021-04-07 01:11:19.613000,4078.664,4077.945,2250,2250
2021-04-07 01:11:20.323000,4078.66,4078.051,460,2250
2021-04-07 01:11:20.374000,4078.764,4078.045,2250,2250
2021-04-07 01:11:28.234000,4078.646,4077.942,2250,4190
2021-04-07 01:11:28.289000,4078.658,4077.936,2250,2250
2021-04-07 01:11:29.178000,4078.649,4077.999,2250,4190
2021-04-07 01:11:29.228000,4078.767,4078.051,2250,2250
2021-04-07 01:11:29.924000,4078.76,4078.339,460,2250
2021-04-07 01:11:29.974000,4079.067,4078.336,2250,2250
2021-04-07 01:11:31.539000,4078.761,4078.039,2250,4190
2021-04-07 01:11:31.590000,4078.746,4078.054,2250,2250
2021-04-07 01:11:35.273000,4078.667,4077.948,2250,4190
2021-04-07 01:11:35.323000,4078.649,4077.939,2250,2250
2021-04-07 01:11:35.438000,4078.648,4078.048,460,2250
2021-04-07 01:11:35.489000,4078.758,4078.039,2250,2250
2021-04-07 01:11:36.298000,4078.501,4077.842,2250,4190
2021-04-07 01:11:36.348000,4078.561,4077.839,2250,2250
2021-04-07 01:11:36.457000,4078.566,4078.033,460,2250
2021-04-07 01:11:36.507000,4078.764,4078.033,2250,2250
2021-04-07 01:11:37.315000,4078.664,4077.945,2250,4190
2021-04-07 01:11:37.365000,4078.646,4077.933,2250,2250
2021-04-07 01:11:37.473000,4078.546,4077.848,2250,4190
2021-04-07 01:11:37.524000,4078.558,4077.848,2250,2250
2021-04-07 01:12:01.441000,4078.554,4078.048,460,2250
2021-04-07 01:12:01.492000,4078.755,4078.042,2250,2250
2021-04-07 01:12:26.800000,4078.655,4077.939,2250,4190
2021-04-07 01:12:26.850000,4078.646,4077.933,2250,2250
2021-04-07 01:12:26.960000,4078.561,4077.845,2250,4190
2021-04-07 01:12:27.010000,4078.555,4077.854,2250,2250
2021-04-07 01:12:58.518000,4078.566,4078.045,460,2250
2021-04-07 01:12:58.569000,4078.746,4078.033,2250,2250
2021-04-07 01:12:59.692000,4078.546,4077.848,2250,4190
2021-04-07 01:12:59.742000,4078.552,4077.899,2250,2250
2021-04-07 01:13:36.792000,4078.569,4077.954,460,2250
2021-04-07 01:13:36.843000,4078.655,4077.942,2250,2250
2021-04-07 01:13:37.765000,4078.663,4078.048,460,2250
2021-04-07 01:13:37.815000,4078.758,4078.033,2250,2250
2021-04-07 01:14:02.331000,4078.766,4078.399,460,2250
2021-04-07 01:14:02.381000,4079.067,4078.399,2250,2250
2021-04-07 01:14:03.022000,4078.758,4078.036,2250,4190
2021-04-07 01:14:03.073000,4078.746,4078.033,2250,2250
2021-04-07 01:14:08.472000,4078.748,4078.354,460,2250
2021-04-07 01:14:08.522000,4079.064,4078.333,2250,2250
2021-04-07 01:15:02.820000,4078.764,4078.045,2250,4190
2021-04-07 01:15:02.870000,4078.752,4078.039,2250,2250
2021-04-07 01:15:22.291000,4078.754,4078.351,460,2250
2021-04-07 01:15:22.341000,4079.001,4078.348,2250,2250
2021-04-07 01:15:22.613000,4078.701,4078.042,2250,4190
2021-04-07 01:15:22.663000,4078.758,4078.099,2250,2250
2021-04-07 01:15:22.932000,4078.769,4078.333,460,2250
2021-04-07 01:15:22.983000,4079.049,4078.354,2250,2250
2021-04-07 01:15:23.253000,4078.961,4078.242,2250,4190
2021-04-07 01:15:23.304000,4078.964,4078.251,2250,2250
2021-04-07 01:15:23.696000,4079.001,4078.333,2250,2250
2021-04-07 01:15:42.653000,4078.701,4078.048,2250,4190
2021-04-07 01:15:42.704000,4078.746,4078.042,2250,2250
2021-04-07 01:15:42.845000,4079.055,4078.345,2250,2250
2021-04-07 01:15:51.211000,4078.764,4078.051,2250,4190
2021-04-07 01:15:51.261000,4078.749,4078.033,2250,2250
2021-04-07 01:15:56.135000,4078.769,4078.336,460,2250
2021-04-07 01:15:56.185000,4079.001,4078.354,2250,2250
2021-04-07 01:16:02.128000,4078.752,4078.099,2250,4190
2021-04-07 01:16:02.179000,4078.764,4078.036,2250,2250
2021-04-07 01:16:05.297000,4079.064,4078.333,2250,2250
2021-04-07 01:16:09.143000,4078.701,4078.048,2250,4190
2021-04-07 01:16:09.194000,4078.749,4078.048,2250,2250
2021-04-07 01:16:12.558000,4079.052,4078.336,2250,2250
2021-04-07 01:17:07.405000,4078.746,4078.045,2250,4190
2021-04-07 01:17:07.455000,4078.752,4078.054,2250,2250
2021-04-07 01:17:09.337000,4079.058,4078.339,2250,2250
2021-04-07 01:17:26.834000,4078.758,4078.039,2250,2250
2021-04-07 01:18:10.604000,4078.646,4077.999,2250,4190
2021-04-07 01:18:10.654000,4078.664,4077.999,2250,2250
2021-04-07 01:18:10.769000,4078.564,4077.854,2250,4190
2021-04-07 01:18:10.819000,4078.558,4077.839,2250,2250
2021-04-07 01:18:14.609000,4078.548,4078.054,460,2250
2021-04-07 01:18:14.659000,4078.746,4078.033,2250,2250
2021-04-07 01:18:17.248000,4078.667,4077.942,2250,4190
2021-04-07 01:18:17.298000,4078.658,4077.948,2250,2250
2021-04-07 01:18:18.986000,4078.701,4078.099,2250,2250
2021-04-07 01:18:19.317000,4078.661,4077.942,2250,2250
2021-04-07 01:18:19.477000,4078.552,4077.842,2250,4190
2021-04-07 01:18:19.527000,4078.564,4077.851,2250,2250
2021-04-07 01:18:26.712000,4078.501,4077.851,2250,4190
2021-04-07 01:18:26.763000,4078.758,4078.042,2250,2250
2021-04-07 01:18:31.199000,4078.549,4077.833,2250,2250
2021-04-07 01:18:32.058000,4078.563,4078.039,460,2250
2021-04-07 01:18:32.109000,4078.755,4078.099,2250,2250
2021-04-07 01:18:33.039000,4078.561,4077.836,2250,4190
2021-04-07 01:18:33.089000,4078.552,4077.848,2250,2250
2021-04-07 01:18:38.944000,4078.503,4078.033,460,2250
2021-04-07 01:18:38.994000,4078.758,4078.099,2250,2250
2021-04-07 01:19:31.226000,4078.751,4078.236,460,2250
2021-04-07 01:19:31.276000,4078.946,4078.233,2250,2250
2021-04-07 01:19:32.539000,4078.752,4078.099,2250,4190
2021-04-07 01:19:32.589000,4078.746,4078.054,2250,2250
2021-04-07 01:19:38.040000,4078.546,4077.842,2250,4190
2021-04-07 01:19:38.090000,4078.558,4077.848,2250,2250
2021-04-07 01:20:00.878000,4078.255,4077.539,2250,4190
2021-04-07 01:20:00.929000,4078.261,4077.539,2250,2250
2021-04-07 01:20:14.225000,4078.254,4077.848,460,2250
2021-04-07 01:20:14.276000,4078.555,4077.839,2250,2250
2021-04-07 01:20:17.330000,4078.767,4078.039,2250,2250
2021-04-07 01:20:17.671000,4078.555,4077.899,2250,4190
2021-04-07 01:20:17.721000,4078.567,4077.836,2250,2250
2021-04-07 01:20:26.540000,4078.551,4078.054,460,2250
2021-04-07 01:20:26.591000,4078.701,4078.099,2250,2250
2021-04-07 01:20:27.181000,4078.552,4077.842,2250,4190
2021-04-07 01:20:27.231000,4078.501,4077.848,2250,2250
2021-04-07 01:20:29.597000,4078.551,4078.048,460,2250
2021-04-07 01:20:29.647000,4078.746,4078.042,2250,2250
2021-04-07 01:20:42.587000,4078.567,4077.854,2250,2250
2021-04-07 01:20:58.547000,4078.201,4077.599,2250,2250
2021-04-07 01:21:19.752000,4078.055,4077.333,2250,4190
2021-04-07 01:21:19.802000,4078.049,4077.348,2250,2250
2021-04-07 01:21:33.228000,4078.048,4077.599,460,2250
2021-04-07 01:21:33.279000,4078.261,4077.536,2250,2250
2021-04-07 01:21:41.751000,4078.067,4077.342,2250,4190
2021-04-07 01:21:41.801000,4078.058,4077.342,2250,2250
2021-04-07 01:21:42.618000,4078.001,4077.399,2250,4190
2021-04-07 01:21:42.669000,4078.249,4077.542,2250,2250
2021-04-07 01:22:35.817000,4078.055,4077.399,2250,2250
2021-04-07 01:22:42.489000,4078.063,4077.536,460,2250
2021-04-07 01:22:42.540000,4078.267,4077.599,2250,2250
2021-04-07 01:23:13.264000,4078.266,4077.836,460,2250
2021-04-07 01:23:13.315000,4078.561,4077.899,2250,2250
2021-04-07 01:23:25.201000,4078.264,4077.551,2250,4190
2021-04-07 01:23:25.251000,4078.201,4077.539,2250,2250
2021-04-07 01:23:25.665000,4078.446,4077.733,2250,2250
2021-04-07 01:23:25.782000,4078.555,4077.833,2250,2250
2021-04-07 01:23:25.936000,4078.258,4077.539,2250,4190
2021-04-07 01:23:25.986000,4078.201,4077.545,2250,2250
2021-04-07 01:23:26.096000,4078.254,4077.745,460,2250
2021-04-07 01:23:26.146000,4078.458,4077.754,2250,2250
2021-04-07 01:23:26.416000,4078.267,4077.548,2250,4190
2021-04-07 01:23:26.466000,4078.201,4077.542,2250,2250
2021-04-07 01:23:32.441000,4078.001,4077.348,2250,4190
2021-04-07 01:23:32.492000,4078.049,4077.345,2250,2250
2021-04-07 01:24:24.093000,4078.255,4077.545,2250,2250
2021-04-07 01:24:32.765000,4078.055,4077.342,2250,4190
2021-04-07 01:24:32.815000,4078.046,4077.348,2250,2250
2021-04-07 01:24:53.806000,4077.746,4077.051,2250,2250
2021-04-07 01:25:11.329000,4077.561,4076.899,2250,4190
2021-04-07 01:25:11.379000,4077.555,4076.833,2250,2250
2021-04-07 01:25:56.883000,4077.548,4077.051,460,2250
2021-04-07 01:25:56.934000,4077.755,4077.045,2250,2250
2021-04-07 01:26:06.754000,4078.046,4077.336,2250,2250
2021-04-07 01:26:20.894000,4078.003,4077.545,460,2250
2021-04-07 01:26:20.945000,4078.201,4077.536,2250,2250
2021-04-07 01:26:22.269000,4078.058,4077.339,2250,2250
2021-04-07 01:26:22.709000,4078.051,4077.539,460,2250
2021-04-07 01:26:22.760000,4078.246,4077.554,2250,2250
2021-04-07 01:26:40.754000,4078.061,4077.348,2250,2250
2021-04-07 01:26:48.830000,4078.048,4077.451,460,2250
2021-04-07 01:26:48.880000,4078.152,4077.436,2250,2250
2021-04-07 01:26:49.794000,4078.103,4077.542,460,2250
2021-04-07 01:26:49.845000,4078.264,4077.542,2250,2250
2021-04-07 01:26:49.999000,4078.052,4077.336,2250,2250
2021-04-07 01:26:56.680000,4078.069,4077.436,460,2250
2021-04-07 01:26:56.731000,4078.146,4077.442,2250,2250
2021-04-07 01:26:56.851000,4078.151,4077.539,460,2250
2021-04-07 01:26:56.902000,4078.264,4077.542,2250,2250
2021-04-07 01:27:45.197000,4078.052,4077.339,2250,4190
2021-04-07 01:27:45.247000,4078.061,4077.348,2250,2250
2021-04-07 01:27:46.785000,4077.746,4077.036,2250,4190
2021-04-07 01:27:46.835000,4077.746,4077.036,2250,2250
2021-04-07 01:27:52.925000,4077.766,4077.348,460,2250
2021-04-07 01:27:52.976000,4078.055,4077.339,2250,2250
2021-04-07 01:27:53.407000,4077.761,4077.054,2250,2250
2021-04-07 01:27:55.199000,4077.766,4077.336,460,2250
2021-04-07 01:27:55.250000,4078.049,4077.342,2250,2250
2021-04-07 01:28:00.564000,4077.764,4077.054,2250,4190
2021-04-07 01:28:00.615000,4077.755,4077.054,2250,2250
2021-04-07 01:28:23.541000,4077.766,4077.345,460,2250
2021-04-07 01:28:23.592000,4078.049,4077.339,2250,2250
2021-04-07 01:28:24.558000,4077.764,4077.099,2250,4190
2021-04-07 01:28:24.608000,4077.752,4077.039,2250,2250
2021-04-07 01:28:26.917000,4077.76,4077.345,460,2250
2021-04-07 01:28:26.967000,4078.001,4077.339,2250,2250
2021-04-07 01:28:48.710000,4078.054,4077.542,460,2250
2021-04-07 01:28:48.761000,4078.261,4077.599,2250,2250
2021-04-07 01:28:50.058000,4078.061,4077.399,2250,4190
2021-04-07 01:28:50.108000,4078.049,4077.345,2250,2250
2021-04-07 01:28:50.378000,4078.057,4077.599,460,2250
2021-04-07 01:28:50.428000,4078.246,4077.536,2250,2250
2021-04-07 01:29:00.392000,4078.055,4077.351,2250,2250
2021-04-07 01:29:08.324000,4078.054,4077.445,460,2250
2021-04-07 01:29:08.374000,4078.146,4077.448,2250,2250
2021-04-07 01:29:09.416000,4078.16,4077.551,460,2250
2021-04-07 01:29:09.466000,4078.267,4077.533,2250,2250
2021-04-07 01:29:10.056000,4078.167,4077.448,2250,4190
2021-04-07 01:29:10.107000,4078.164,4077.433,2250,2250
2021-04-07 01:29:10.415000,4078.103,4077.554,460,2250
2021-04-07 01:29:10.465000,4078.261,4077.599,2250,2250
2021-04-07 01:29:11.556000,4078.049,4077.348,2250,4190
2021-04-07 01:29:11.606000,4078.058,4077.345,2250,2250
2021-04-07 01:29:12.277000,4078.101,4077.442,2250,2250
2021-04-07 01:29:14.026000,4078.066,4077.433,460,2250
2021-04-07 01:29:14.076000,4078.064,4077.339,2250,2250
2021-04-07 01:29:15.042000,4078.003,4077.539,460,2250
2021-04-07 01:29:15.093000,4078.261,4077.548,2250,2250
2021-04-07 01:30:01.022000,4078.058,4077.399,2250,4190
2021-04-07 01:30:01.072000,4078.046,4077.333,2250,2250
2021-04-07 01:30:11.387000,4077.767,4077.048,2250,4190
2021-04-07 01:30:11.437000,4077.746,4077.039,2250,2250
2021-04-07 01:30:11.553000,4077.757,4077.248,460,2250
2021-04-07 01:30:11.603000,4077.955,4077.254,2250,2250
2021-04-07 01:30:11.943000,4077.957,4077.354,460,2250
2021-04-07 01:30:11.994000,4078.055,4077.399,2250,2250
2021-04-07 01:30:12.104000,4077.946,4077.242,2250,4190
2021-04-07 01:30:12.184000,4077.955,4077.245,2250,2250
2021-04-07 01:30:12.441000,4077.701,4077.054,2250,4190
2021-04-07 01:30:12.491000,4077.752,4077.036,2250,2250
2021-04-07 01:30:13.695000,4077.748,4077.399,460,2250
2021-04-07 01:30:13.746000,4078.061,4077.333,2250,2250
2021-04-07 01:30:19.105000,4077.758,4077.033,2250,4190
2021-04-07 01:30:19.156000,4077.749,4077.039,2250,2250
2021-04-07 01:30:31.501000,4077.501,4076.833,2250,2250
2021-04-07 01:30:31.652000,4077.563,4077.036,460,2250
2021-04-07 01:30:31.703000,4077.701,4077.036,2250,2250
2021-04-07 01:30:32.318000,4077.601,4076.948,2250,4190
2021-04-07 01:30:32.369000,4077.601,4076.933,2250,2250
2021-04-07 01:30:32.669000,4077.666,4077.036,460,2250
2021-04-07 01:30:32.719000,4077.764,4077.099,2250,2250
2021-04-07 01:30:40.945000,4077.751,4077.345,460,2250
2021-04-07 01:30:40.995000,4078.064,4077.351,2250,2250
2021-04-07 01:30:41.459000,4077.761,4077.048,2250,4190
2021-04-07 01:30:41.510000,4077.749,4077.051,2250,2250
2021-04-07 01:30:42.407000,4077.763,4077.342,460,2250
2021-04-07 01:30:42.457000,4078.046,4077.333,2250,2250
2021-04-07 01:30:44.169000,4077.767,4077.036,2250,4190
2021-04-07 01:30:44.220000,4077.755,4077.033,2250,2250
2021-04-07 01:30:54.357000,4077.558,4076.851,2250,4190
2021-04-07 01:30:54.407000,4077.549,4076.899,2250,2250
2021-04-07 01:31:08.062000,4077.449,4076.742,2250,4190
2021-04-07 01:31:08.112000,4077.455,4076.754,2250,2250
2021-04-07 01:31:08.223000,4077.249,4076.599,2250,4190
2021-04-07 01:31:08.274000,4077.249,4076.545,2250,2250
2021-04-07 01:31:20.603000,4077.058,4076.351,2250,4190
2021-04-07 01:31:20.654000,4077.046,4076.342,2250,2250
2021-04-07 01:31:37.238000,4077.054,4076.545,460,2250
2021-04-07 01:31:37.288000,4077.201,4076.551,2250,2250
2021-04-07 01:31:37.558000,4077.049,4076.342,2250,4190
2021-04-07 01:31:37.608000,4077.058,4076.345,2250,2250
2021-04-07 01:31:37.877000,4077.057,4076.554,460,2250
2021-04-07 01:31:37.928000,4077.246,4076.542,2250,2250
2021-04-07 01:31:38.532000,4077.046,4076.348,2250,4190
2021-04-07 01:31:38.582000,4077.001,4076.333,2250,2250
2021-04-07 01:31:40.607000,4077.063,4076.545,460,2250
2021-04-07 01:31:40.658000,4077.264,4076.548,2250,2250
2021-04-07 01:31:40.767000,4077.064,4076.399,2250,4190
2021-04-07 01:31:40.818000,4077.049,4076.351,2250,2250
2021-04-07 01:31:43.706000,4077.066,4076.454,460,2250
2021-04-07 01:31:43.757000,4077.164,4076.448,2250,2250
2021-04-07 01:31:43.868000,4077.067,4076.345,2250,4190
2021-04-07 01:31:43.919000,4077.055,4076.339,2250,2250
2021-04-07 01:31:54.261000,4077.003,4076.545,460,2250
2021-04-07 01:31:54.312000,4077.246,4076.599,2250,2250
2021-04-07 01:31:55.300000,4077.052,4076.336,2250,4190
2021-04-07 01:31:55.351000,4077.061,4076.345,2250,2250
2021-04-07 01:31:57.060000,4077.063,4076.539,460,2250
2021-04-07 01:31:57.110000,4077.267,4076.548,2250,2250
2021-04-07 01:31:57.219000,4077.001,4076.333,2250,4190
2021-04-07 01:31:57.269000,4077.058,4076.345,2250,2250
2021-04-07 01:32:01.741000,4076.758,4076.042,2250,4190
2021-04-07 01:32:01.791000,4076.746,4076.054,2250,2250
2021-04-07 01:32:03.985000,4076.703,4076.336,460,2250
2021-04-07 01:32:04.035000,4077.052,4076.345,2250,2250
2021-04-07 01:32:22.243000,4077.054,4076.533,460,2250
2021-04-07 01:32:22.294000,4077.201,4076.551,2250,2250
2021-04-07 01:32:22.882000,4077.101,4076.436,2250,4190
2021-04-07 01:32:22.933000,4077.101,4076.451,2250,2250
2021-04-07 01:32:23.091000,4077.246,4076.533,2250,2250
2021-04-07 01:32:24.128000,4077.058,4076.351,2250,4190
2021-04-07 01:32:24.178000,4077.064,4076.348,2250,2250
2021-04-07 01:32:46.963000,4077.066,4076.542,460,2250
2021-04-07 01:32:47.013000,4077.255,4076.554,2250,2250
2021-04-07 01:33:04.036000,4077.001,4076.354,2250,4190
2021-04-07 01:33:04.086000,4077.049,4076.348,2250,2250
2021-04-07 01:33:07.503000,4076.758,4076.039,2250,2250
2021-04-07 01:33:25.747000,4076.546,4075.833,2250,4190
2021-04-07 01:33:25.797000,4076.552,4075.848,2250,2250
2021-04-07 01:33:29.440000,4076.249,4075.551,2250,2250
2021-04-07 01:33:34.472000,4076.046,4075.339,2250,4190
2021-04-07 01:33:34.523000,4076.064,4075.336,2250,2250
2021-04-07 01:33:48.295000,4075.758,4075.036,2250,4190
2021-04-07 01:33:48.345000,4075.755,4075.048,2250,2250
2021-04-07 01:34:01.824000,4075.546,4074.899,2250,2250
2021-04-07 01:34:02.264000,4075.557,4075.054,460,2250
2021-04-07 01:34:02.315000,4075.749,4075.051,2250,2250
2021-04-07 01:34:07.107000,4075.552,4074.839,2250,2250
2021-04-07 01:34:24.092000,4075.566,4075.051,460,2250
2021-04-07 01:34:24.142000,4075.767,4075.045,2250,2250
2021-04-07 01:34:39.313000,4075.751,4075.333,460,2250
2021-04-07 01:34:39.364000,4076.001,4075.345,2250,2250
2021-04-07 01:34:39.475000,4075.749,4075.051,2250,4190
2021-04-07 01:34:39.525000,4075.755,4075.099,2250,2250
2021-04-07 01:34:44.349000,4075.703,4075.239,460,2250
2021-04-07 01:34:44.400000,4075.952,4075.242,2250,2250
2021-04-07 01:34:44.509000,4075.951,4075.339,460,2250
2021-04-07 01:34:44.560000,4076.064,4075.342,2250,2250
2021-04-07 01:34:44.851000,4075.767,4075.042,2250,4190
2021-04-07 01:34:44.902000,4075.758,4075.048,2250,2250
2021-04-07 01:34:45.172000,4075.754,4075.299,460,2250
2021-04-07 01:34:45.222000,4075.946,4075.242,2250,2250
2021-04-07 01:34:45.401000,4075.752,4075.045,2250,2250
2021-04-07 01:34:50.245000,4075.558,4074.851,2250,4190
2021-04-07 01:34:50.296000,4075.552,4074.842,2250,2250
2021-04-07 01:34:50.882000,4075.503,4074.954,460,2250
2021-04-07 01:34:50.932000,4075.646,4074.999,2250,2250
2021-04-07 01:34:51.044000,4075.561,4074.854,2250,4190
2021-04-07 01:34:51.094000,4075.555,4074.851,2250,2250
2021-04-07 01:34:51.524000,4075.503,4075.048,460,2250
2021-04-07 01:34:51.574000,4075.758,4075.045,2250,2250
2021-04-07 01:34:57.616000,4075.549,4074.836,2250,2250
2021-04-07 01:34:59.680000,4075.557,4075.051,460,2250
2021-04-07 01:34:59.730000,4075.749,4075.039,2250,2250
2021-04-07 01:35:03.417000,4075.549,4074.839,2250,4190
2021-04-07 01:35:03.467000,4075.552,4074.836,2250,2250
2021-04-07 01:35:06.039000,4075.554,4075.036,460,2250
2021-04-07 01:35:06.089000,4075.752,4075.036,2250,2250
2021-04-07 01:35:09.765000,4075.555,4074.833,2250,4190
2021-04-07 01:35:09.815000,4075.558,4074.851,2250,2250
2021-04-07 01:35:21.971000,4075.503,4075.039,460,2250
2021-04-07 01:35:22.021000,4075.746,4075.042,2250,2250
2021-04-07 01:35:22.290000,4075.655,4074.954,2250,4190
2021-04-07 01:35:22.340000,4075.646,4074.945,2250,2250
2021-04-07 01:35:22.782000,4075.567,4074.848,2250,4190
2021-04-07 01:35:22.832000,4075.549,4074.845,2250,2250
2021-04-07 01:35:40.894000,4075.255,4074.545,2250,4190
2021-04-07 01:35:40.944000,4075.201,4074.545,2250,2250
2021-04-07 01:35:54.245000,4075.254,4074.842,460,2250
2021-04-07 01:35:54.295000,4075.561,4074.899,2250,2250
2021-04-07 01:35:55.389000,4075.264,4074.548,2250,2250
2021-04-07 01:36:06.193000,4075.251,4074.748,460,2250
2021-04-07 01:36:06.244000,4075.455,4074.733,2250,2250
2021-04-07 01:36:06.986000,4075.201,4074.536,2250,2250
2021-04-07 01:36:08.966000,4075.203,4074.851,460,2250
2021-04-07 01:36:09.016000,4075.561,4074.842,2250,2250
2021-04-07 01:36:17.117000,4075.557,4075.039,460,2250
2021-04-07 01:36:17.167000,4075.752,4075.042,2250,2250
2021-04-07 01:36:17.279000,4075.501,4074.842,2250,4190
2021-04-07 01:36:17.330000,4075.552,4074.842,2250,2250
2021-04-07 01:36:30.382000,4075.201,4074.599,2250,2250
2021-04-07 01:36:49.738000,4075.061,4074.351,2250,4190
2021-04-07 01:36:49.788000,4075.001,4074.333,2250,2250
2021-04-07 01:36:59.051000,4075.048,4074.554,460,2250
2021-04-07 01:36:59.101000,4075.267,4074.554,2250,2250
2021-04-07 01:37:03.328000,4075.046,4074.399,2250,4190
2021-04-07 01:37:03.379000,4075.067,4074.351,2250,2250
2021-04-07 01:37:04.293000,4075.264,4074.545,2250,2250
2021-04-07 01:37:09.998000,4075.567,4074.848,2250,2250
2021-04-07 01:37:13.853000,4075.266,4074.833,460,2250
2021-04-07 01:37:13.903000,4075.267,4074.533,2250,2250
2021-04-07 01:37:14.544000,4075.203,4074.848,460,2250
2021-04-07 01:37:14.594000,4075.558,4074.848,2250,2250
2021-04-07 01:37:25.447000,4075.548,4075.036,460,2250
2021-04-07 01:37:25.498000,4075.758,4075.051,2250,2250
2021-04-07 01:37:26.029000,4075.548,4075.039,460,2250
2021-04-07 01:37:26.079000,4075.558,4074.899,2250,2250
2021-04-07 01:37:28.089000,4075.569,4075.054,460,2250
2021-04-07 01:37:28.140000,4075.758,4075.054,2250,2250
2021-04-07 01:37:30.056000,4075.552,4074.845,2250,4190
2021-04-07 01:37:30.106000,4075.555,4074.854,2250,2250
2021-04-07 01:37:38.716000,4075.701,4075.099,2250,2250
2021-04-07 01:37:40.370000,4075.561,4074.836,2250,4190
2021-04-07 01:37:40.421000,4075.555,4074.845,2250,2250
2021-04-07 01:37:43.229000,4075.761,4075.045,2250,2250
2021-04-07 01:37:58.734000,4075.748,4075.354,460,2250
2021-04-07 01:37:58.785000,4076.052,4075.336,2250,2250
2021-04-07 01:37:59.694000,4075.764,4075.048,2250,4190
2021-04-07 01:37:59.744000,4075.767,4075.036,2250,2250
2021-04-07 01:38:05.014000,4075.751,4075.333,460,2250
2021-04-07 01:38:05.065000,4076.067,4075.345,2250,2250
2021-04-07 01:38:07.104000,4075.701,4075.051,2250,2250
2021-04-07 01:38:25.080000,4075.769,4075.242,460,2250
2021-04-07 01:38:25.130000,4075.955,4075.236,2250,2250
2021-04-07 01:38:25.447000,4075.963,4075.339,460,2250
2021-04-07 01:38:25.498000,4076.067,4075.399,2250,2250
2021-04-07 01:38:25.767000,4075.952,4075.233,2250,4190
2021-04-07 01:38:25.818000,4075.946,4075.236,2250,2250
2021-04-07 01:38:25.940000,4075.957,4075.333,460,2250
2021-04-07 01:38:25.990000,4076.052,4075.354,2250,2250
2021-04-07 01:38:27.035000,4075.764,4075.045,2250,4190
2021-04-07 01:38:27.085000,4075.767,4075.045,2250,2250
2021-04-07 01:38:28.886000,4076.058,4075.339,2250,2250
2021-04-07 01:39:02.068000,4076.048,4075.542,460,2250
2021-04-07 01:39:02.119000,4076.252,4075.539,2250,2250
2021-04-07 01:39:06.021000,4076.001,4075.351,2250,4190
2021-04-07 01:39:06.071000,4076.046,4075.351,2250,2250
2021-04-07 01:39:07.624000,4076.057,4075.536,460,2250
2021-04-07 01:39:07.674000,4076.255,4075.551,2250,2250
2021-04-07 01:39:23.260000,4076.058,4075.348,2250,4190
2021-04-07 01:39:23.310000,4076.061,4075.345,2250,2250
2021-04-07 01:39:24.229000,4076.003,4075.551,460,2250
2021-04-07 01:39:24.279000,4076.255,4075.548,2250,2250
2021-04-07 01:39:39.605000,4076.046,4075.336,2250,4190
2021-04-07 01:39:39.655000,4076.052,4075.354,2250,2250
2021-04-07 01:39:46.167000,4076.063,4075.533,460,2250
2021-04-07 01:39:46.217000,4076.264,4075.545,2250,2250
2021-04-07 01:39:47.634000,4076.152,4075.433,2250,4190
2021-04-07 01:39:47.684000,4076.167,4075.442,2250,2250
2021-04-07 01:39:47.797000,4076.267,4075.551,2250,2250
2021-04-07 01:39:48.614000,4076.001,4075.354,2250,4190
2021-04-07 01:39:48.665000,4076.058,4075.354,2250,2250
2021-04-07 01:39:48.774000,4076.051,4075.436,460,2250
2021-04-07 01:39:48.825000,4076.161,4075.499,2250,2250
2021-04-07 01:39:48.935000,4076.054,4075.448,460,2250
2021-04-07 01:39:48.985000,4076.055,4075.333,2250,2250
2021-04-07 01:39:50.256000,4076.003,4075.433,460,2250
2021-04-07 01:39:50.306000,4076.149,4075.499,2250,2250
2021-04-07 01:39:50.421000,4076.201,4075.599,2250,2250
2021-04-07 01:39:54.976000,4076.064,4075.336,2250,4190
2021-04-07 01:39:55.027000,4076.052,4075.336,2250,2250
2021-04-07 01:40:23.911000,4076.003,4075.499,460,2250
2021-04-07 01:40:23.961000,4076.158,4075.439,2250,2250
2021-04-07 01:40:24.138000,4076.148,4075.539,460,2250
2021-04-07 01:40:24.188000,4076.264,4075.539,2250,2250
2021-04-07 01:40:25.005000,4076.155,4075.448,2250,4190
2021-04-07 01:40:25.055000,4076.158,4075.448,2250,2250
2021-04-07 01:40:25.415000,4076.001,4075.339,2250,2250
2021-04-07 01:40:25.550000,4076.063,4075.433,460,2250
2021-04-07 01:40:25.601000,4076.146,4075.436,2250,2250
2021-04-07 01:40:25.930000,4076.061,4075.354,2250,4190
2021-04-07 01:40:25.980000,4076.049,4075.399,2250,2250
2021-04-07 01:40:42.254000,4075.967,4075.239,2250,2250
2021-04-07 01:40:42.584000,4075.758,4075.099,2250,2250
2021-04-07 01:40:46.955000,4075.564,4074.848,2250,4190
2021-04-07 01:40:47.005000,4075.564,4074.839,2250,2250
2021-04-07 01:40:56.621000,4075.261,4074.533,2250,4190
2021-04-07 01:40:56.671000,4075.246,4074.545,2250,2250
2021-04-07 01:41:03.822000,4075.049,4074.348,2250,2250
2021-04-07 01:41:21.240000,4074.964,4074.233,2250,4190
2021-04-07 01:41:21.291000,4074.949,4074.242,2250,2250
2021-04-07 01:41:21.401000,4074.963,4074.339,460,2250
2021-04-07 01:41:21.451000,4075.064,4074.336,2250,2250
2021-04-07 01:41:21.560000,4074.752,4074.051,2250,4190
2021-04-07 01:41:21.610000,4074.746,4074.051,2250,2250
2021-04-07 01:41:59.497000,4074.658,4073.951,2250,2250
2021-04-07 01:41:59.637000,4074.663,4074.045,460,2250
2021-04-07 01:41:59.687000,4074.761,4074.042,2250,2250
2021-04-07 01:42:01.246000,4074.549,4073.839,2250,4190
2021-04-07 01:42:01.296000,4074.555,4073.848,2250,2250
2021-04-07 01:42:09.345000,4074.554,4073.948,460,2250
2021-04-07 01:42:09.396000,4074.601,4073.948,2250,2250
2021-04-07 01:42:09.507000,4074.549,4073.839,2250,4190
2021-04-07 01:42:09.557000,4074.555,4073.899,2250,2250
2021-04-07 01:42:10.447000,4074.503,4074.036,460,2250
2021-04-07 01:42:10.498000,4074.755,4074.048,2250,2250
2021-04-07 01:42:10.608000,4074.601,4073.948,2250,4190
2021-04-07 01:42:10.658000,4074.664,4073.999,2250,2250
2021-04-07 01:42:10.770000,4074.561,4073.899,2250,4190
2021-04-07 01:42:10.820000,4074.564,4073.839,2250,2250
2021-04-07 01:42:35.744000,4074.563,4074.033,460,2250
2021-04-07 01:42:35.794000,4074.764,4074.048,2250,2250
2021-04-07 01:42:50.284000,4074.549,4073.839,2250,4190
2021-04-07 01:42:50.335000,4074.561,4073.899,2250,2250
2021-04-07 01:43:01.898000,4074.267,4073.539,2250,4190
2021-04-07 01:43:01.948000,4074.252,4073.554,2250,2250
2021-04-07 01:43:14.324000,4074.058,4073.333,2250,4190
2021-04-07 01:43:14.375000,4074.067,4073.345,2250,2250
2021-04-07 01:43:20.979000,4073.755,4073.042,2250,4190
2021-04-07 01:43:21.030000,4073.767,4073.048,2250,2250
2021-04-07 01:43:33.554000,4073.76,4073.354,460,2250
2021-04-07 01:43:33.604000,4074.052,4073.351,2250,2250
2021-04-07 01:43:35.636000,4073.964,4073.233,2250,4190
2021-04-07 01:43:35.687000,4073.955,4073.236,2250,2250
2021-04-07 01:43:35.797000,4073.963,4073.336,460,2250
2021-04-07 01:43:35.847000,4074.001,4073.399,2250,2250
2021-04-07 01:43:36.117000,4073.749,4073.054,2250,4190
2021-04-07 01:43:36.167000,4073.755,4073.051,2250,2250
2021-04-07 01:43:36.277000,4073.766,4073.333,460,2250
2021-04-07 01:43:36.327000,4074.067,4073.333,2250,2250
2021-04-07 01:43:37.078000,4073.767,4073.036,2250,4190
2021-04-07 01:43:37.128000,4073.749,4073.042,2250,2250
2021-04-07 01:43:37.239000,4073.763,4073.345,460,2250
2021-04-07 01:43:37.290000,4074.052,4073.339,2250,2250
2021-04-07 01:43:53.338000,4073.761,4073.033,2250,4190
2021-04-07 01:43:53.389000,4073.755,4073.039,2250,2250
2021-04-07 01:44:00.251000,4073.769,4073.354,460,2250
2021-04-07 01:44:00.301000,4074.061,4073.336,2250,2250
2021-04-07 01:44:00.570000,4073.764,4073.042,2250,4190
2021-04-07 01:44:00.620000,4073.701,4073.042,2250,2250
2021-04-07 01:44:07.115000,4073.769,4073.399,460,2250
2021-04-07 01:44:07.166000,4074.052,4073.351,2250,2250
2021-04-07 01:44:08.387000,4073.701,4073.051,2250,4190
2021-04-07 01:44:08.438000,4073.761,4073.045,2250,2250
2021-04-07 01:44:13.591000,4073.766,4073.351,460,2250
2021-04-07 01:44:13.641000,4074.052,4073.348,2250,2250
2021-04-07 01:44:22.856000,4073.764,4073.099,2250,4190
2021-04-07 01:44:22.907000,4073.758,4073.054,2250,2250
2021-04-07 01:44:24.617000,4073.76,4073.239,460,2250
2021-04-07 01:44:24.667000,4073.952,4073.254,2250,2250
2021-04-07 01:44:24.938000,4073.951,4073.339,460,2250
2021-04-07 01:44:24.988000,4074.046,4073.354,2250,2250
2021-04-07 01:44:29.580000,4073.952,4073.236,2250,4190
2021-04-07 01:44:29.630000,4073.901,4073.251,2250,2250
2021-04-07 01:44:29.891000,4073.966,4073.339,460,2250
2021-04-07 01:44:29.942000,4074.052,4073.354,2250,2250
2021-04-07 01:44:40.853000,4073.701,4073.054,2250,4190
2021-04-07 01:44:40.903000,4073.758,4073.099,2250,2250
2021-04-07 01:44:45.053000,4073.76,4073.399,460,2250
2021-04-07 01:44:45.103000,4074.055,4073.339,2250,2250
2021-04-07 01:44:47.669000,4073.749,4073.045,2250,4190
2021-04-07 01:44:47.719000,4073.746,4073.039,2250,2250
2021-04-07 01:44:47.988000,4073.763,4073.345,460,2250
2021-04-07 01:44:48.038000,4074.001,4073.336,2250,2250
2021-04-07 01:44:49.063000,4073.764,4073.036,2250,4190
2021-04-07 01:44:49.113000,4073.758,4073.036,2250,2250
2021-04-07 01:44:49.571000,4073.766,4073.399,460,2250
2021-04-07 01:44:49.621000,4074.067,4073.339,2250,2250
2021-04-07 01:44:50.590000,4073.761,4073.042,2250,4190
2021-04-07 01:44:50.641000,4073.701,4073.099,2250,2250
2021-04-07 01:44:51.547000,4073.76,4073.345,460,2250
2021-04-07 01:44:51.597000,4074.049,4073.345,2250,2250
2021-04-07 01:44:51.868000,4073.749,4073.054,2250,4190
2021-04-07 01:44:51.918000,4073.701,4073.042,2250,2250
2021-04-07 01:44:52.845000,4073.766,4073.399,460,2250
2021-04-07 01:44:52.895000,4074.052,4073.336,2250,2250
2021-04-07 01:44:53.005000,4073.746,4073.048,2250,4190
2021-04-07 01:44:53.055000,4073.764,4073.036,2250,2250
2021-04-07 01:44:53.327000,4073.764,4073.039,2250,4190
2021-04-07 01:44:53.378000,4074.058,4073.399,2250,2250
2021-04-07 01:44:54.913000,4073.763,4073.354,460,2250
2021-04-07 01:44:54.963000,4073.755,4073.048,2250,2250
2021-04-07 01:44:56.205000,4073.766,4073.248,460,2250
2021-04-07 01:44:56.256000,4073.952,4073.242,2250,2250
2021-04-07 01:44:56.526000,4073.966,4073.354,460,2250
2021-04-07 01:44:56.577000,4074.067,4073.336,2250,2250
2021-04-07 01:45:00.882000,4073.749,4073.051,2250,4190
2021-04-07 01:45:00.933000,4073.746,4073.051,2250,2250
2021-04-07 01:45:08.575000,4073.748,4073.333,460,2250
2021-04-07 01:45:08.625000,4074.064,4073.333,2250,2250
2021-04-07 01:45:12.566000,4073.761,4073.033,2250,4190
2021-04-07 01:45:12.616000,4073.767,4073.042,2250,2250
2021-04-07 01:45:14.689000,4073.76,4073.342,460,2250
2021-04-07 01:45:14.740000,4074.058,4073.342,2250,2250
2021-04-07 01:45:14.849000,4073.701,4073.051,2250,4190
2021-04-07 01:45:14.899000,4073.701,4073.036,2250,2250
2021-04-07 01:45:17.086000,4073.748,4073.345,460,2250
2021-04-07 01:45:17.136000,4074.061,4073.342,2250,2250
2021-04-07 01:45:24.188000,4073.961,4073.236,2250,2250
2021-04-07 01:45:24.325000,4073.948,4073.399,460,2250
2021-04-07 01:45:24.375000,4074.046,4073.336,2250,2250
2021-04-07 01:45:24.519000,4073.749,4073.054,2250,2250
2021-04-07 01:45:24.917000,4073.748,4073.333,460,2250
2021-04-07 01:45:24.968000,4074.061,4073.345,2250,2250
2021-04-07 01:45:40.903000,4074.06,4073.539,460,2250
2021-04-07 01:45:40.953000,4074.201,4073.599,2250,2250
2021-04-07 01:45:54.603000,4074.058,4073.399,2250,4190
2021-04-07 01:45:54.653000,4074.001,4073.354,2250,2250
2021-04-07 01:45:59.301000,4074.201,4073.536,2250,2250
2021-04-07 01:46:01.719000,4074.155,4073.451,2250,4190
2021-04-07 01:46:01.770000,4074.158,4073.451,2250,2250
2021-04-07 01:46:01.879000,4074.046,4073.354,2250,4190
2021-04-07 01:46:01.930000,4074.052,4073.345,2250,2250
2021-04-07 01:46:10.345000,4073.758,4073.042,2250,4190
2021-04-07 01:46:10.395000,4073.758,4073.051,2250,2250
2021-04-07 01:46:10.500000,4073.703,4073.251,460,2250
2021-04-07 01:46:10.550000,4073.964,4073.239,2250,2250
2021-04-07 01:46:10.821000,4073.701,4073.039,2250,4190
2021-04-07 01:46:10.872000,4073.758,4073.042,2250,2250
2021-04-07 01:46:10.981000,4073.751,4073.254,460,2250
2021-04-07 01:46:11.031000,4073.955,4073.248,2250,2250
2021-04-07 01:46:12.052000,4073.761,4073.039,2250,2250
2021-04-07 01:47:09.589000,4073.757,4073.339,460,2250
2021-04-07 01:47:09.640000,4074.001,4073.333,2250,2250
2021-04-07 01:47:11.870000,4073.767,4073.045,2250,4190
2021-04-07 01:47:11.921000,4073.761,4073.042,2250,2250
2021-04-07 01:47:12.351000,4073.769,4073.339,460,2250
2021-04-07 01:47:12.401000,4074.064,4073.339,2250,2250
2021-04-07 01:47:13.261000,4074.06,4073.539,460,2250
2021-04-07 01:47:13.311000,4074.258,4073.548,2250,2250
2021-04-07 01:47:44.150000,4074.061,4073.354,2250,2250
2021-04-07 01:47:52.158000,4073.761,4073.033,2250,4190
2021-04-07 01:47:52.208000,4073.701,4073.048,2250,2250
2021-04-07 01:47:53.476000,4073.763,4073.339,460,2250
2021-04-07 01:47:53.526000,4074.052,4073.339,2250,2250
2021-04-07 01:48:03.735000,4073.746,4073.048,2250,4190
2021-04-07 01:48:03.786000,4073.749,4073.051,2250,2250
2021-04-07 01:48:04.055000,4073.769,4073.348,460,2250
2021-04-07 01:48:04.106000,4074.055,4073.351,2250,2250
2021-04-07 01:48:08.079000,4073.755,4073.033,2250,4190
2021-04-07 01:48:08.129000,4073.755,4073.039,2250,2250
2021-04-07 01:48:24.026000,4073.269,4073.048,460,2250
2021-04-07 01:48:24.077000,4073.255,4072.551,2250,2250
2021-04-07 01:48:26.259000,4073.248,4072.842,460,2250
2021-04-07 01:48:26.309000,4073.549,4072.833,2250,2250
2021-04-07 01:48:38.619000,4073.258,4072.536,2250,2250
2021-04-07 01:48:45.216000,4073.501,4072.833,2250,2250
2021-04-07 01:48:52.478000,4073.255,4072.545,2250,2250
2021-04-07 01:48:59.740000,4073.064,4072.354,2250,2250
2021-04-07 01:49:00.214000,4073.069,4072.445,460,2250
2021-04-07 01:49:00.265000,4073.146,4072.454,2250,2250
2021-04-07 01:49:00.534000,4073.169,4072.533,460,2250
2021-04-07 01:49:00.585000,4073.252,4072.548,2250,2250
2021-04-07 01:49:01.061000,4073.161,4072.448,2250,2250
2021-04-07 01:49:01.306000,4073.001,4072.342,2250,4190
2021-04-07 01:49:01.356000,4073.061,4072.354,2250,2250
2021-04-07 01:49:01.628000,4073.003,4072.551,460,2250
2021-04-07 01:49:01.678000,4073.255,4072.533,2250,2250
2021-04-07 01:49:01.788000,4073.055,4072.339,2250,4190
2021-04-07 01:49:01.838000,4073.001,4072.348,2250,2250
2021-04-07 01:49:12.032000,4072.761,4072.051,2250,4190
2021-04-07 01:49:12.082000,4072.752,4072.045,2250,2250
2021-04-07 01:49:13.198000,4072.757,4072.399,460,2250
2021-04-07 01:49:13.248000,4073.046,4072.354,2250,2250
2021-04-07 01:49:22.427000,4072.764,4072.042,2250,4190
2021-04-07 01:49:22.477000,4072.764,4072.039,2250,2250
2021-04-07 01:49:22.746000,4072.751,4072.339,460,2250
2021-04-07 01:49:22.797000,4073.061,4072.399,2250,2250
2021-04-07 01:49:36.064000,4073.066,4072.551,460,2250
2021-04-07 01:49:36.114000,4073.252,4072.551,2250,2250
2021-04-07 01:49:36.224000,4073.064,4072.348,2250,2250
2021-04-07 01:49:37.236000,4073.066,4072.551,460,2250
2021-04-07 01:49:37.286000,4073.261,4072.548,2250,2250
2021-04-07 01:49:41.609000,4073.251,4072.854,460,2250
2021-04-07 01:49:41.660000,4073.552,4072.833,2250,2250
2021-04-07 01:49:41.930000,4073.461,4072.754,2250,4190
2021-04-07 01:49:41.980000,4073.464,4072.739,2250,2250
2021-04-07 01:49:42.090000,4073.252,4072.533,2250,4190
2021-04-07 01:49:42.140000,4073.201,4072.542,2250,2250
2021-04-07 01:49:43.562000,4073.203,4072.845,460,2250
2021-04-07 01:49:43.613000,4073.567,4072.836,2250,2250
2021-04-07 01:49:43.882000,4073.446,4072.748,2250,4190
2021-04-07 01:49:43.932000,4073.467,4072.745,2250,2250
2021-04-07 01:49:44.042000,4073.451,4072.851,460,2250
2021-04-07 01:49:44.093000,4073.549,4072.842,2250,2250
2021-04-07 01:49:45.164000,4073.452,4072.748,2250,4190
2021-04-07 01:49:45.214000,4073.467,4072.739,2250,2250
2021-04-07 01:49:45.323000,4073.451,4072.854,460,2250
2021-04-07 01:49:45.373000,4073.549,4072.899,2250,2250
2021-04-07 01:49:47.484000,4073.258,4072.536,2250,4190
2021-04-07 01:49:47.534000,4073.255,4072.548,2250,2250
2021-04-07 01:49:48.774000,4073.26,4072.745,460,2250
2021-04-07 01:49:48.824000,4073.458,4072.748,2250,2250
2021-04-07 01:49:49.370000,4073.448,4072.848,460,2250
2021-04-07 01:49:49.421000,4073.561,4072.851,2250,2250
2021-04-07 01:49:50.004000,4073.255,4072.548,2250,4190
2021-04-07 01:49:50.054000,4073.246,4072.545,2250,2250
2021-04-07 01:49:50.324000,4073.252,4072.599,2250,4190
2021-04-07 01:49:50.375000,4073.546,4072.842,2250,2250
2021-04-07 01:49:52.008000,4073.267,4072.542,2250,4190
2021-04-07 01:49:52.059000,4073.267,4072.551,2250,2250
2021-04-07 01:49:54.206000,4073.257,4072.848,460,2250
2021-04-07 01:49:54.257000,4073.501,4072.836,2250,2250
2021-04-07 01:49:57.178000,4073.557,4073.048,460,2250
2021-04-07 01:49:57.229000,4073.701,4073.099,2250,2250
2021-04-07 01:50:00.200000,4073.766,4073.348,460,2250
2021-04-07 01:50:00.251000,4074.049,4073.354,2250,2250
2021-04-07 01:50:01.872000,4073.752,4073.051,2250,2250
2021-04-07 01:50:03.217000,4073.751,4073.345,460,2250
2021-04-07 01:50:03.268000,4074.058,4073.351,2250,2250
2021-04-07 01:50:03.856000,4073.761,4073.036,2250,4190
2021-04-07 01:50:03.907000,4073.701,4073.054,2250,2250
2021-04-07 01:50:07.112000,4073.763,4073.251,460,2250
2021-04-07 01:50:07.163000,4073.949,4073.251,2250,2250
2021-04-07 01:50:07.272000,4073.757,4073.254,460,2250
2021-04-07 01:50:07.322000,4073.746,4073.036,2250,2250
2021-04-07 01:50:09.317000,4073.757,4073.348,460,2250
2021-04-07 01:50:09.368000,4074.064,4073.336,2250,2250
2021-04-07 01:50:10.199000,4073.964,4073.233,2250,4190
2021-04-07 01:50:10.249000,4073.952,4073.254,2250,2250
2021-04-07 01:50:10.382000,4074.061,4073.336,2250,2250
2021-04-07 01:50:12.301000,4073.761,4073.048,2250,4190
2021-04-07 01:50:12.351000,4073.752,4073.039,2250,2250
2021-04-07 01:50:33.549000,4073.561,4072.899,2250,4190
2021-04-07 01:50:33.600000,4073.555,4072.839,2250,2250
2021-04-07 01:50:35.022000,4073.56,4073.048,460,2250
2021-04-07 01:50:35.072000,4073.767,4073.045,2250,2250
2021-04-07 01:50:47.685000,4073.952,4073.236,2250,2250
