2021-04-08 00:00:00.572000,4089.458,4088.597,2710,4190
2021-04-08 00:00:00.622000,4089.401,4088.748,2250,2250
2021-04-08 00:00:01.876000,4089.246,4088.797,2250,890
2021-04-08 00:00:01.926000,4089.201,4088.545,2250,2250
2021-04-08 00:00:13.284000,4089.255,4088.243,2710,4190
2021-04-08 00:00:13.334000,4088.901,4088.254,2250,2250
2021-04-08 00:00:19.041000,4088.749,4088.033,2250,2250
2021-04-08 00:00:30.737000,4088.449,4088.052,2250,890
2021-04-08 00:00:30.787000,4088.452,4087.739,2250,2250
2021-04-08 00:00:31.282000,4088.761,4087.731,2710,4190
2021-04-08 00:00:31.332000,4088.758,4088.045,2250,2250
2021-04-08 00:00:35.877000,4088.401,4087.739,2250,2250
2021-04-08 00:00:36.207000,4088.767,4088.036,2250,2250
2021-04-08 00:00:37.528000,4088.467,4087.733,2250,2250
2021-04-08 00:00:49.138000,4088.264,4087.743,2250,890
2021-04-08 00:00:49.188000,4088.258,4087.539,2250,2250
2021-04-08 00:00:51.918000,4087.946,4087.531,2250,890
2021-04-08 00:00:51.969000,4087.958,4087.251,2250,2250
2021-04-08 00:00:53.520000,4087.746,4087.243,2250,890
2021-04-08 00:00:53.570000,4087.755,4087.048,2250,2250
2021-04-08 00:00:53.845000,4087.764,4087.243,2250,890
2021-04-08 00:00:53.895000,4087.961,4087.248,2250,2250
2021-04-08 00:00:54.037000,4087.701,4087.039,2250,2250
2021-04-08 00:00:57.420000,4087.949,4087.043,2710,4190
2021-04-08 00:00:57.470000,4087.955,4087.233,2250,2250
2021-04-08 00:01:00.701000,4088.246,4087.231,2710,4190
2021-04-08 00:01:00.751000,4088.201,4087.551,2250,2250
2021-04-08 00:01:00.859000,4087.952,4087.597,2250,890
2021-04-08 00:01:00.909000,4087.955,4087.242,2250,2250
2021-04-08 00:01:02.474000,4087.449,4087.252,2250,890
2021-04-08 00:01:02.525000,4087.458,4086.748,2250,2250
2021-04-08 00:01:03.219000,4087.246,4086.743,2250,890
2021-04-08 00:01:03.270000,4087.264,4086.551,2250,2250
2021-04-08 00:01:05.713000,4086.901,4086.549,2250,890
2021-04-08 00:01:05.763000,4086.901,4086.236,2250,2250
2021-04-08 00:01:09.820000,4086.949,4086.537,2250,890
2021-04-08 00:01:09.870000,4087.258,4086.542,2250,2250
2021-04-08 00:01:12.466000,4086.901,4086.54,2250,890
2021-04-08 00:01:12.516000,4086.949,4086.248,2250,2250
2021-04-08 00:01:12.623000,4087.201,4086.24,2710,4190
2021-04-08 00:01:12.673000,4087.267,4086.533,2250,2250
2021-04-08 00:01:13.267000,4086.961,4086.597,2250,890
2021-04-08 00:01:13.318000,4086.967,4086.254,2250,2250
2021-04-08 00:01:13.428000,4087.146,4086.252,2710,4190
2021-04-08 00:01:13.478000,4087.167,4086.454,2250,2250
2021-04-08 00:01:13.605000,4086.967,4086.449,2250,890
2021-04-08 00:01:13.656000,4086.901,4086.299,2250,2250
2021-04-08 00:01:14.838000,4087.261,4086.554,2250,2250
2021-04-08 00:01:16.336000,4086.901,4086.597,2250,890
2021-04-08 00:01:16.387000,4086.964,4086.254,2250,2250
2021-04-08 00:01:17.631000,4087.152,4086.249,2710,4190
2021-04-08 00:01:17.681000,4087.101,4086.448,2250,2250
2021-04-08 00:01:17.809000,4087.252,4086.554,2250,2250
2021-04-08 00:01:23.420000,4086.967,4086.236,2250,2250
2021-04-08 00:01:29.363000,4087.261,4086.554,2250,2250
2021-04-08 00:01:33.780000,4087.701,4086.531,2710,4190
2021-04-08 00:01:33.830000,4087.761,4087.051,2250,2250
2021-04-08 00:01:33.984000,4087.458,4086.739,2250,2250
2021-04-08 00:01:34.748000,4087.752,4086.746,2710,4190
2021-04-08 00:01:34.799000,4087.755,4087.051,2250,2250
2021-04-08 00:01:38.440000,4087.461,4087.031,2250,890
2021-04-08 00:01:38.490000,4087.401,4086.733,2250,2250
2021-04-08 00:01:41.700000,4087.267,4086.74,2250,890
2021-04-08 00:01:41.750000,4087.258,4086.551,2250,2250
2021-04-08 00:01:44.598000,4086.964,4086.543,2250,890
2021-04-08 00:01:44.648000,4086.958,4086.239,2250,2250
2021-04-08 00:01:53.134000,4087.264,4086.533,2250,2250
2021-04-08 00:01:53.254000,4086.955,4086.54,2250,890
2021-04-08 00:01:53.305000,4086.967,4086.242,2250,2250
2021-04-08 00:02:01.143000,4086.749,4086.246,2250,890
2021-04-08 00:02:01.193000,4086.749,4086.051,2250,2250
2021-04-08 00:02:04.405000,4086.946,4086.097,2710,4190
2021-04-08 00:02:04.455000,4086.952,4086.251,2250,2250
2021-04-08 00:02:10.052000,4087.264,4086.237,2710,4190
2021-04-08 00:02:10.103000,4087.264,4086.542,2250,2250
2021-04-08 00:02:13.787000,4087.449,4086.549,2710,4190
2021-04-08 00:02:13.837000,4087.464,4086.745,2250,2250
2021-04-08 00:02:19.073000,4087.746,4086.734,2710,4190
2021-04-08 00:02:19.123000,4087.749,4087.054,2250,2250
2021-04-08 00:02:20.199000,4087.452,4086.799,2250,2250
2021-04-08 00:02:23.099000,4087.761,4086.746,2710,4190
2021-04-08 00:02:23.150000,4087.755,4087.045,2250,2250
2021-04-08 00:02:25.007000,4087.446,4086.799,2250,2250
2021-04-08 00:02:25.167000,4087.658,4086.737,2710,4190
2021-04-08 00:02:25.218000,4087.661,4086.954,2250,2250
2021-04-08 00:02:25.326000,4087.755,4086.94,2710,4190
2021-04-08 00:02:25.376000,4087.755,4087.036,2250,2250
2021-04-08 00:02:26.992000,4087.967,4087.097,2710,4190
2021-04-08 00:02:27.042000,4087.949,4087.245,2250,2250
2021-04-08 00:02:27.150000,4087.852,4087.246,2250,890
2021-04-08 00:02:27.201000,4087.864,4087.148,2250,2250
2021-04-08 00:02:27.328000,4087.946,4087.14,2710,4190
2021-04-08 00:02:27.379000,4087.946,4087.248,2250,2250
2021-04-08 00:02:32.015000,4087.746,4087.243,2250,890
2021-04-08 00:02:32.065000,4087.764,4087.045,2250,2250
2021-04-08 00:02:32.177000,4087.764,4087.246,2250,890
2021-04-08 00:02:32.228000,4087.964,4087.236,2250,2250
2021-04-08 00:02:42.143000,4088.155,4087.246,2710,4190
2021-04-08 00:02:42.193000,4088.155,4087.454,2250,2250
2021-04-08 00:02:42.326000,4088.146,4087.543,2250,890
2021-04-08 00:02:42.377000,4088.246,4087.533,2250,2250
2021-04-08 00:02:42.494000,4087.946,4087.534,2250,890
2021-04-08 00:02:42.544000,4087.961,4087.239,2250,2250
2021-04-08 00:02:45.026000,4087.967,4087.443,2250,890
2021-04-08 00:02:45.077000,4088.146,4087.433,2250,2250
2021-04-08 00:02:45.183000,4087.955,4087.497,2250,890
2021-04-08 00:02:45.233000,4087.958,4087.245,2250,2250
2021-04-08 00:02:46.391000,4088.164,4087.252,2710,4190
2021-04-08 00:02:46.441000,4088.167,4087.499,2250,2250
2021-04-08 00:02:46.763000,4088.267,4087.434,2710,4190
2021-04-08 00:02:46.814000,4088.255,4087.599,2250,2250
2021-04-08 00:03:01.347000,4087.958,4087.233,2250,2250
2021-04-08 00:03:01.505000,4088.101,4087.24,2710,4190
2021-04-08 00:03:01.556000,4088.146,4087.442,2250,2250
2021-04-08 00:03:01.667000,4088.201,4087.437,2710,4190
2021-04-08 00:03:01.717000,4088.249,4087.542,2250,2250
2021-04-08 00:03:02.913000,4087.949,4087.537,2250,890
2021-04-08 00:03:02.963000,4087.961,4087.242,2250,2250
2021-04-08 00:03:03.113000,4088.264,4087.548,2250,2250
2021-04-08 00:03:10.708000,4088.449,4087.552,2710,4190
2021-04-08 00:03:10.759000,4088.464,4087.754,2250,2250
2021-04-08 00:03:10.870000,4088.452,4087.543,2710,4190
2021-04-08 00:03:10.920000,4088.246,4087.533,2250,2250
2021-04-08 00:03:11.193000,4088.461,4087.543,2710,4190
2021-04-08 00:03:11.243000,4088.455,4087.733,2250,2250
2021-04-08 00:03:12.387000,4088.258,4087.752,2250,890
2021-04-08 00:03:12.437000,4088.258,4087.551,2250,2250
2021-04-08 00:03:21.391000,4087.964,4087.597,2250,890
2021-04-08 00:03:21.441000,4087.946,4087.233,2250,2250
2021-04-08 00:03:21.715000,4088.201,4087.252,2710,4190
2021-04-08 00:03:21.766000,4088.246,4087.533,2250,2250
2021-04-08 00:03:22.037000,4087.964,4087.531,2250,890
2021-04-08 00:03:22.087000,4087.946,4087.245,2250,2250
2021-04-08 00:03:25.589000,4087.746,4087.246,2250,890
2021-04-08 00:03:25.639000,4087.749,4087.099,2250,2250
2021-04-08 00:03:25.743000,4087.961,4087.034,2710,4190
2021-04-08 00:03:25.794000,4087.946,4087.233,2250,2250
2021-04-08 00:03:26.110000,4087.855,4087.297,2250,890
2021-04-08 00:03:26.161000,4087.864,4087.142,2250,2250
2021-04-08 00:03:26.269000,4087.701,4087.137,2250,890
2021-04-08 00:03:26.320000,4087.764,4087.033,2250,2250
2021-04-08 00:03:37.448000,4087.749,4087.237,2250,890
2021-04-08 00:03:37.498000,4087.961,4087.239,2250,2250
2021-04-08 00:03:39.026000,4087.855,4087.24,2250,890
2021-04-08 00:03:39.076000,4087.846,4087.133,2250,2250
2021-04-08 00:03:39.187000,4087.764,4087.146,2250,890
2021-04-08 00:03:39.237000,4087.761,4087.048,2250,2250
2021-04-08 00:03:45.049000,4087.855,4087.043,2710,4190
2021-04-08 00:03:45.099000,4087.852,4087.145,2250,2250
2021-04-08 00:03:45.302000,4087.764,4087.137,2250,890
2021-04-08 00:03:45.352000,4087.755,4087.033,2250,2250
2021-04-08 00:03:45.462000,4087.961,4087.031,2710,4190
2021-04-08 00:03:45.512000,4087.946,4087.248,2250,2250
2021-04-08 00:03:46.916000,4087.901,4087.031,2710,4190
2021-04-08 00:03:46.967000,4087.749,4087.039,2250,2250
2021-04-08 00:03:49.216000,4087.901,4087.04,2710,4190
2021-04-08 00:03:49.267000,4087.961,4087.251,2250,2250
2021-04-08 00:04:02.309000,4087.767,4087.246,2250,890
2021-04-08 00:04:02.359000,4087.755,4087.042,2250,2250
2021-04-08 00:04:04.673000,4087.858,4087.052,2710,4190
2021-04-08 00:04:04.724000,4087.801,4087.142,2250,2250
2021-04-08 00:04:05.062000,4087.901,4087.131,2710,4190
2021-04-08 00:04:05.113000,4087.901,4087.242,2250,2250
2021-04-08 00:04:22.699000,4087.746,4087.249,2250,890
2021-04-08 00:04:22.749000,4087.758,4087.039,2250,2250
2021-04-08 00:04:23.020000,4087.949,4087.043,2710,4190
2021-04-08 00:04:23.071000,4087.961,4087.245,2250,2250
2021-04-08 00:04:36.737000,4087.749,4087.237,2250,890
2021-04-08 00:04:36.787000,4087.761,4087.051,2250,2250
2021-04-08 00:04:41.174000,4087.464,4087.043,2250,890
2021-04-08 00:04:41.225000,4087.455,4086.742,2250,2250
2021-04-08 00:04:42.865000,4087.752,4087.051,2250,2250
2021-04-08 00:04:56.028000,4087.464,4086.799,2250,2250
2021-04-08 00:04:56.358000,4087.701,4087.048,2250,2250
2021-04-08 00:05:07.797000,4087.467,4087.034,2250,890
2021-04-08 00:05:07.848000,4087.452,4086.748,2250,2250
2021-04-08 00:05:14.633000,4087.252,4086.734,2250,890
2021-04-08 00:05:14.683000,4087.255,4086.545,2250,2250
2021-04-08 00:05:24.642000,4087.464,4086.54,2710,4190
2021-04-08 00:05:24.693000,4087.452,4086.742,2250,2250
2021-04-08 00:05:24.797000,4087.364,4086.743,2250,890
2021-04-08 00:05:24.848000,4087.346,4086.633,2250,2250
2021-04-08 00:05:24.960000,4087.467,4086.637,2710,4190
2021-04-08 00:05:25.010000,4087.449,4086.751,2250,2250
2021-04-08 00:05:27.289000,4087.258,4086.749,2250,890
2021-04-08 00:05:27.339000,4087.255,4086.554,2250,2250
2021-04-08 00:05:27.451000,4087.255,4086.649,2250,890
2021-04-08 00:05:27.501000,4087.355,4086.636,2250,2250
2021-04-08 00:05:27.822000,4087.201,4086.646,2250,890
2021-04-08 00:05:27.873000,4087.255,4086.542,2250,2250
2021-04-08 00:05:32.020000,4086.901,4086.597,2250,890
2021-04-08 00:05:32.070000,4086.901,4086.248,2250,2250
2021-04-08 00:05:32.914000,4087.267,4086.243,2710,4190
2021-04-08 00:05:32.964000,4087.246,4086.542,2250,2250
2021-04-08 00:05:42.297000,4086.952,4086.54,2250,890
2021-04-08 00:05:42.347000,4086.946,4086.242,2250,2250
2021-04-08 00:05:42.454000,4087.258,4086.246,2710,4190
2021-04-08 00:05:42.505000,4087.261,4086.551,2250,2250
2021-04-08 00:05:43.679000,4086.958,4086.546,2250,890
2021-04-08 00:05:43.730000,4086.955,4086.251,2250,2250
2021-04-08 00:05:43.840000,4087.201,4086.237,2710,4190
2021-04-08 00:05:43.890000,4087.252,4086.536,2250,2250
2021-04-08 00:05:59.162000,4087.267,4086.697,2250,890
2021-04-08 00:05:59.213000,4087.358,4086.645,2250,2250
2021-04-08 00:05:59.571000,4087.258,4086.646,2250,890
2021-04-08 00:05:59.622000,4087.255,4086.539,2250,2250
2021-04-08 00:05:59.735000,4087.367,4086.699,2250,2250
2021-04-08 00:05:59.967000,4087.458,4086.733,2250,2250
2021-04-08 00:06:01.056000,4087.349,4086.636,2250,2250
2021-04-08 00:06:01.202000,4087.249,4086.631,2250,890
2021-04-08 00:06:01.252000,4087.201,4086.539,2250,2250
2021-04-08 00:06:05.442000,4087.401,4086.543,2710,4190
2021-04-08 00:06:05.492000,4087.461,4086.799,2250,2250
2021-04-08 00:06:12.450000,4087.258,4086.752,2250,890
2021-04-08 00:06:12.500000,4087.246,4086.554,2250,2250
2021-04-08 00:06:13.446000,4087.364,4086.546,2710,4190
2021-04-08 00:06:13.497000,4087.364,4086.639,2250,2250
2021-04-08 00:06:14.015000,4087.446,4086.646,2710,4190
2021-04-08 00:06:14.065000,4087.452,4086.745,2250,2250
2021-04-08 00:06:23.003000,4087.255,4086.746,2250,890
2021-04-08 00:06:23.053000,4087.258,4086.536,2250,2250
2021-04-08 00:06:25.875000,4087.258,4086.737,2250,890
2021-04-08 00:06:25.926000,4087.446,4086.733,2250,2250
2021-04-08 00:06:34.550000,4087.267,4086.743,2250,890
2021-04-08 00:06:34.600000,4087.255,4086.554,2250,2250
2021-04-08 00:06:35.080000,4087.401,4086.549,2710,4190
2021-04-08 00:06:35.130000,4087.467,4086.754,2250,2250
2021-04-08 00:06:43.567000,4087.367,4086.749,2250,890
2021-04-08 00:06:43.618000,4087.367,4086.654,2250,2250
2021-04-08 00:06:43.729000,4087.401,4086.631,2710,4190
2021-04-08 00:06:43.779000,4087.446,4086.799,2250,2250
2021-04-08 00:06:44.653000,4087.252,4086.74,2250,890
2021-04-08 00:06:44.703000,4087.252,4086.551,2250,2250
2021-04-08 00:06:48.401000,4087.461,4086.537,2710,4190
2021-04-08 00:06:48.451000,4087.458,4086.733,2250,2250
2021-04-08 00:06:54.031000,4087.246,4086.74,2250,890
2021-04-08 00:06:54.081000,4087.264,4086.542,2250,2250
2021-04-08 00:07:04.540000,4087.264,4086.749,2250,890
2021-04-08 00:07:04.590000,4087.461,4086.748,2250,2250
2021-04-08 00:07:05.352000,4087.764,4086.743,2710,4190
2021-04-08 00:07:05.402000,4087.752,4087.051,2250,2250
2021-04-08 00:07:15.990000,4087.949,4087.233,2250,2250
2021-04-08 00:07:16.650000,4087.767,4087.045,2250,2250
2021-04-08 00:07:25.752000,4087.946,4087.04,2710,4190
2021-04-08 00:07:25.803000,4087.961,4087.248,2250,2250
2021-04-08 00:07:26.470000,4087.761,4087.234,2250,890
2021-04-08 00:07:26.520000,4087.752,4087.054,2250,2250
2021-04-08 00:07:28.200000,4087.958,4087.299,2250,2250
2021-04-08 00:07:29.689000,4087.964,4087.034,2710,4190
2021-04-08 00:07:29.739000,4087.758,4087.054,2250,2250
2021-04-08 00:07:46.366000,4087.961,4087.097,2710,4190
2021-04-08 00:07:46.417000,4087.964,4087.233,2250,2250
2021-04-08 00:07:49.333000,4087.701,4087.24,2250,890
2021-04-08 00:07:49.384000,4087.758,4087.048,2250,2250
2021-04-08 00:08:01.801000,4087.761,4087.243,2250,890
2021-04-08 00:08:01.851000,4087.949,4087.236,2250,2250
2021-04-08 00:08:02.122000,4087.701,4087.252,2250,890
2021-04-08 00:08:02.173000,4087.701,4087.051,2250,2250
2021-04-08 00:08:09.711000,4087.961,4087.031,2710,4190
2021-04-08 00:08:09.762000,4087.949,4087.251,2250,2250
2021-04-08 00:08:21.399000,4088.255,4087.231,2710,4190
2021-04-08 00:08:21.449000,4088.258,4087.545,2250,2250
2021-04-08 00:08:21.718000,4087.952,4087.531,2250,890
2021-04-08 00:08:21.769000,4087.964,4087.233,2250,2250
2021-04-08 00:08:22.201000,4088.246,4087.24,2710,4190
2021-04-08 00:08:22.251000,4088.255,4087.536,2250,2250
2021-04-08 00:08:23.858000,4087.946,4087.531,2250,890
2021-04-08 00:08:23.908000,4087.949,4087.233,2250,2250
2021-04-08 00:08:24.018000,4088.146,4087.231,2710,4190
2021-04-08 00:08:24.069000,4088.158,4087.499,2250,2250
2021-04-08 00:08:24.178000,4088.255,4087.443,2710,4190
2021-04-08 00:08:24.229000,4088.255,4087.545,2250,2250
2021-04-08 00:08:24.346000,4087.955,4087.251,2250,2250
2021-04-08 00:08:24.763000,4087.955,4087.54,2250,890
2021-04-08 00:08:24.814000,4088.249,4087.536,2250,2250
2021-04-08 00:08:28.919000,4088.401,4087.543,2710,4190
2021-04-08 00:08:28.969000,4088.449,4087.739,2250,2250
2021-04-08 00:08:38.548000,4088.755,4088.042,2250,2250
2021-04-08 00:08:38.683000,4088.452,4088.052,2250,890
2021-04-08 00:08:38.733000,4088.461,4087.748,2250,2250
2021-04-08 00:08:39.270000,4088.755,4087.797,2710,4190
2021-04-08 00:08:39.320000,4088.761,4088.036,2250,2250
2021-04-08 00:08:39.429000,4088.452,4088.037,2250,890
2021-04-08 00:08:39.480000,4088.446,4087.751,2250,2250
2021-04-08 00:08:39.591000,4088.755,4087.749,2710,4190
2021-04-08 00:08:39.641000,4088.746,4088.039,2250,2250
2021-04-08 00:08:58.882000,4088.755,4088.237,2250,890
2021-04-08 00:08:58.933000,4088.952,4088.233,2250,2250
2021-04-08 00:09:02.899000,4088.846,4088.237,2250,890
2021-04-08 00:09:02.949000,4088.864,4088.154,2250,2250
2021-04-08 00:09:03.308000,4088.961,4088.254,2250,2250
2021-04-08 00:09:03.452000,4088.964,4088.152,2710,4190
2021-04-08 00:09:03.502000,4088.846,4088.151,2250,2250
2021-04-08 00:09:03.638000,4088.767,4088.048,2250,2250
2021-04-08 00:09:09.379000,4088.952,4088.046,2710,4190
2021-04-08 00:09:09.429000,4088.955,4088.236,2250,2250
2021-04-08 00:09:14.201000,4089.249,4088.536,2250,2250
2021-04-08 00:09:15.773000,4088.961,4088.552,2250,890
2021-04-08 00:09:15.823000,4088.958,4088.239,2250,2250
2021-04-08 00:09:19.255000,4089.264,4088.231,2710,4190
2021-04-08 00:09:19.306000,4089.258,4088.545,2250,2250
2021-04-08 00:09:19.419000,4088.955,4088.546,2250,890
2021-04-08 00:09:19.469000,4088.949,4088.239,2250,2250
2021-04-08 00:09:20.223000,4089.264,4088.234,2710,4190
2021-04-08 00:09:20.273000,4089.255,4088.545,2250,2250
2021-04-08 00:09:21.923000,4088.952,4088.54,2250,890
2021-04-08 00:09:21.973000,4088.952,4088.299,2250,2250
2021-04-08 00:09:22.238000,4089.258,4088.231,2710,4190
2021-04-08 00:09:22.288000,4089.246,4088.533,2250,2250
2021-04-08 00:09:35.669000,4089.401,4088.597,2710,4190
2021-04-08 00:09:35.720000,4089.467,4088.733,2250,2250
2021-04-08 00:09:38.577000,4089.449,4088.543,2710,4190
2021-04-08 00:09:38.628000,4089.258,4088.545,2250,2250
2021-04-08 00:09:38.984000,4089.452,4088.531,2710,4190
2021-04-08 00:09:39.034000,4089.452,4088.733,2250,2250
2021-04-08 00:09:39.830000,4089.201,4088.731,2250,890
2021-04-08 00:09:39.881000,4089.258,4088.545,2250,2250
2021-04-08 00:09:40.154000,4089.461,4088.531,2710,4190
2021-04-08 00:09:40.204000,4089.458,4088.745,2250,2250
2021-04-08 00:09:41.709000,4089.264,4088.746,2250,890
2021-04-08 00:09:41.759000,4089.201,4088.542,2250,2250
2021-04-08 00:09:42.402000,4089.455,4088.546,2710,4190
2021-04-08 00:09:42.453000,4089.467,4088.733,2250,2250
2021-04-08 00:09:42.725000,4089.255,4088.743,2250,890
2021-04-08 00:09:42.775000,4089.264,4088.533,2250,2250
2021-04-08 00:09:58.665000,4089.461,4088.549,2710,4190
2021-04-08 00:09:58.716000,4089.455,4088.742,2250,2250
2021-04-08 00:10:00.132000,4089.367,4088.74,2250,890
2021-04-08 00:10:00.182000,4089.346,4088.633,2250,2250
2021-04-08 00:10:00.293000,4089.455,4088.652,2710,4190
2021-04-08 00:10:00.343000,4089.449,4088.754,2250,2250
2021-04-08 00:10:00.621000,4089.258,4088.743,2250,890
2021-04-08 00:10:00.671000,4089.264,4088.599,2250,2250
2021-04-08 00:10:00.775000,4089.255,4088.631,2250,890
2021-04-08 00:10:00.826000,4089.301,4088.648,2250,2250
2021-04-08 00:10:00.936000,4089.446,4088.697,2710,4190
2021-04-08 00:10:00.986000,4089.401,4088.739,2250,2250
2021-04-08 00:10:09.713000,4089.352,4088.737,2250,890
2021-04-08 00:10:09.763000,4089.367,4088.642,2250,2250
2021-04-08 00:10:09.875000,4089.364,4088.549,2710,4190
2021-04-08 00:10:09.925000,4089.267,4088.539,2250,2250
2021-04-08 00:10:13.791000,4089.258,4088.252,2710,4190
2021-04-08 00:10:13.841000,4088.964,4088.233,2250,2250
2021-04-08 00:10:14.116000,4088.952,4088.531,2250,890
2021-04-08 00:10:14.166000,4089.258,4088.542,2250,2250
2021-04-08 00:10:14.280000,4089.161,4088.433,2250,2250
2021-04-08 00:10:14.434000,4088.958,4088.446,2250,890
2021-04-08 00:10:14.485000,4088.955,4088.236,2250,2250
2021-04-08 00:10:15.127000,4089.146,4088.246,2710,4190
2021-04-08 00:10:15.177000,4089.101,4088.442,2250,2250
2021-04-08 00:10:15.283000,4088.964,4088.434,2250,890
2021-04-08 00:10:15.334000,4088.955,4088.233,2250,2250
2021-04-08 00:10:15.766000,4089.255,4088.246,2710,4190
2021-04-08 00:10:15.816000,4089.201,4088.533,2250,2250
2021-04-08 00:10:16.411000,4088.955,4088.531,2250,890
2021-04-08 00:10:16.461000,4088.952,4088.242,2250,2250
2021-04-08 00:10:17.045000,4089.267,4088.243,2710,4190
2021-04-08 00:10:17.095000,4089.249,4088.554,2250,2250
2021-04-08 00:10:18.115000,4088.946,4088.531,2250,890
2021-04-08 00:10:18.166000,4088.964,4088.248,2250,2250
2021-04-08 00:10:18.916000,4089.261,4088.297,2710,4190
2021-04-08 00:10:18.966000,4089.255,4088.599,2250,2250
2021-04-08 00:10:19.641000,4088.961,4088.543,2250,890
2021-04-08 00:10:19.692000,4088.952,4088.254,2250,2250
2021-04-08 00:10:28.961000,4088.755,4088.234,2250,890
2021-04-08 00:10:29.011000,4088.755,4088.099,2250,2250
2021-04-08 00:10:44.795000,4088.801,4088.031,2710,4190
2021-04-08 00:10:44.846000,4088.846,4088.136,2250,2250
2021-04-08 00:10:44.996000,4088.755,4088.099,2250,2250
2021-04-08 00:11:23.832000,4088.455,4088.034,2250,890
2021-04-08 00:11:23.882000,4088.452,4087.739,2250,2250
2021-04-08 00:11:31.768000,4088.701,4087.797,2710,4190
2021-04-08 00:11:31.818000,4088.755,4088.039,2250,2250
2021-04-08 00:11:45.462000,4088.767,4087.743,2710,4190
2021-04-08 00:11:45.512000,4088.452,4087.745,2250,2250
2021-04-08 00:11:46.639000,4088.664,4087.797,2710,4190
2021-04-08 00:11:46.690000,4088.652,4087.999,2250,2250
2021-04-08 00:11:47.380000,4088.464,4087.748,2250,2250
2021-04-08 00:11:54.923000,4088.664,4087.749,2710,4190
2021-04-08 00:11:54.973000,4088.649,4087.939,2250,2250
2021-04-08 00:11:55.085000,4088.461,4087.943,2250,890
2021-04-08 00:11:55.135000,4088.401,4087.748,2250,2250
2021-04-08 00:11:57.214000,4088.767,4087.74,2710,4190
2021-04-08 00:11:57.265000,4088.758,4088.099,2250,2250
2021-04-08 00:11:57.373000,4088.401,4088.097,2250,890
2021-04-08 00:11:57.423000,4088.449,4087.739,2250,2250
2021-04-08 00:11:58.869000,4088.658,4087.731,2710,4190
2021-04-08 00:11:58.920000,4088.667,4087.954,2250,2250
2021-04-08 00:11:59.277000,4088.467,4087.733,2250,2250
2021-04-08 00:11:59.937000,4088.658,4087.936,2250,2250
2021-04-08 00:12:00.267000,4088.461,4087.748,2250,2250
2021-04-08 00:12:00.537000,4088.664,4087.737,2710,4190
2021-04-08 00:12:00.587000,4088.652,4087.936,2250,2250
2021-04-08 00:12:00.927000,4088.449,4087.751,2250,2250
2021-04-08 00:12:01.063000,4088.658,4087.746,2710,4190
2021-04-08 00:12:01.114000,4088.667,4087.942,2250,2250
2021-04-08 00:12:01.517000,4088.401,4087.934,2250,890
2021-04-08 00:12:01.567000,4088.452,4087.742,2250,2250
2021-04-08 00:12:01.926000,4088.667,4087.746,2710,4190
2021-04-08 00:12:01.976000,4088.601,4087.933,2250,2250
2021-04-08 00:12:02.086000,4088.401,4087.943,2250,890
2021-04-08 00:12:02.137000,4088.455,4087.754,2250,2250
2021-04-08 00:12:03.954000,4088.464,4087.997,2250,890
2021-04-08 00:12:04.004000,4088.601,4087.954,2250,2250
2021-04-08 00:12:05.922000,4088.749,4087.943,2710,4190
2021-04-08 00:12:05.972000,4088.752,4088.036,2250,2250
2021-04-08 00:12:10.499000,4088.401,4087.733,2250,2250
2021-04-08 00:12:12.001000,4088.755,4087.734,2710,4190
2021-04-08 00:12:12.051000,4088.761,4088.042,2250,2250
2021-04-08 00:12:17.558000,4088.967,4088.043,2710,4190
2021-04-08 00:12:17.608000,4088.949,4088.236,2250,2250
2021-04-08 00:12:17.982000,4088.749,4088.246,2250,890
2021-04-08 00:12:18.032000,4088.746,4088.051,2250,2250
2021-04-08 00:12:28.462000,4088.949,4088.031,2710,4190
2021-04-08 00:12:28.512000,4088.949,4088.248,2250,2250
2021-04-08 00:12:29.168000,4088.801,4088.237,2250,890
2021-04-08 00:12:29.219000,4088.864,4088.199,2250,2250
2021-04-08 00:12:29.328000,4088.901,4088.137,2710,4190
2021-04-08 00:12:29.378000,4088.955,4088.236,2250,2250
2021-04-08 00:12:29.829000,4088.758,4088.297,2250,890
2021-04-08 00:12:29.880000,4088.755,4088.036,2250,2250
2021-04-08 00:12:34.213000,4088.455,4088.04,2250,890
2021-04-08 00:12:34.263000,4088.449,4087.748,2250,2250
2021-04-08 00:13:15.541000,4088.767,4087.743,2710,4190
2021-04-08 00:13:15.591000,4088.767,4088.042,2250,2250
2021-04-08 00:13:15.699000,4088.401,4088.031,2250,890
2021-04-08 00:13:15.749000,4088.452,4087.736,2250,2250
2021-04-08 00:13:27.768000,4088.449,4088.043,2250,890
2021-04-08 00:13:27.818000,4088.701,4088.099,2250,2250
2021-04-08 00:13:28.238000,4088.467,4088.037,2250,890
2021-04-08 00:13:28.288000,4088.455,4087.748,2250,2250
2021-04-08 00:13:29.884000,4088.461,4088.043,2250,890
2021-04-08 00:13:29.934000,4088.701,4088.036,2250,2250
2021-04-08 00:13:30.389000,4088.458,4087.799,2250,2250
2021-04-08 00:13:30.969000,4088.455,4088.037,2250,890
2021-04-08 00:13:31.019000,4088.701,4088.033,2250,2250
2021-04-08 00:13:31.308000,4088.761,4087.949,2710,4190
2021-04-08 00:13:31.359000,4088.664,4087.939,2250,2250
2021-04-08 00:13:31.632000,4088.401,4087.943,2250,890
2021-04-08 00:13:31.683000,4088.461,4087.733,2250,2250
2021-04-08 00:13:40.789000,4088.752,4087.74,2710,4190
2021-04-08 00:13:40.840000,4088.764,4088.045,2250,2250
2021-04-08 00:13:40.951000,4088.467,4088.097,2250,890
2021-04-08 00:13:41.002000,4088.461,4087.748,2250,2250
2021-04-08 00:13:41.367000,4088.664,4087.746,2710,4190
2021-04-08 00:13:41.418000,4088.601,4087.954,2250,2250
2021-04-08 00:13:41.528000,4088.452,4087.943,2250,890
2021-04-08 00:13:41.578000,4088.449,4087.739,2250,2250
2021-04-08 00:13:44.130000,4088.755,4087.752,2710,4190
2021-04-08 00:13:44.180000,4088.764,4088.054,2250,2250
2021-04-08 00:13:55.042000,4088.858,4088.049,2710,4190
2021-04-08 00:13:55.092000,4088.864,4088.133,2250,2250
2021-04-08 00:13:55.272000,4088.755,4088.146,2250,890
2021-04-08 00:13:55.323000,4088.758,4088.048,2250,2250
2021-04-08 00:13:57.638000,4088.967,4088.031,2710,4190
2021-04-08 00:13:57.688000,4088.967,4088.245,2250,2250
2021-04-08 00:14:02.079000,4088.764,4088.045,2250,2250
2021-04-08 00:14:05.947000,4088.446,4088.034,2250,890
2021-04-08 00:14:05.997000,4088.458,4087.742,2250,2250
2021-04-08 00:14:11.173000,4088.252,4087.743,2250,890
2021-04-08 00:14:11.223000,4088.255,4087.536,2250,2250
2021-04-08 00:14:23.077000,4088.164,4087.546,2250,890
2021-04-08 00:14:23.128000,4088.167,4087.433,2250,2250
2021-04-08 00:14:23.237000,4088.264,4087.449,2710,4190
2021-04-08 00:14:23.288000,4088.252,4087.548,2250,2250
2021-04-08 00:14:32.833000,4088.467,4087.54,2710,4190
2021-04-08 00:14:32.883000,4088.461,4087.751,2250,2250
2021-04-08 00:14:36.746000,4088.764,4087.749,2710,4190
2021-04-08 00:14:36.821000,4088.752,4088.048,2250,2250
2021-04-08 00:14:39.713000,4088.667,4087.999,2250,2250
2021-04-08 00:14:40.596000,4088.701,4087.997,2710,4190
2021-04-08 00:14:40.646000,4088.758,4088.036,2250,2250
2021-04-08 00:14:42.238000,4088.461,4088.052,2250,890
2021-04-08 00:14:42.288000,4088.461,4087.748,2250,2250
2021-04-08 00:14:42.398000,4088.764,4087.746,2710,4190
2021-04-08 00:14:42.449000,4088.758,4088.099,2250,2250
2021-04-08 00:14:43.344000,4088.452,4087.754,2250,2250
2021-04-08 00:14:45.986000,4088.658,4087.743,2710,4190
2021-04-08 00:14:46.036000,4088.646,4087.954,2250,2250
2021-04-08 00:14:46.146000,4088.758,4087.937,2710,4190
2021-04-08 00:14:46.197000,4088.746,4088.045,2250,2250
2021-04-08 00:14:56.216000,4089.246,4088.539,2250,2250
2021-04-08 00:14:56.361000,4088.949,4088.534,2250,890
2021-04-08 00:14:56.412000,4088.961,4088.245,2250,2250
2021-04-08 00:14:59.088000,4089.255,4088.243,2710,4190
2021-04-08 00:14:59.138000,4089.246,4088.599,2250,2250
2021-04-08 00:15:04.139000,4088.958,4088.239,2250,2250
2021-04-08 00:15:07.689000,4088.767,4088.246,2250,890
2021-04-08 00:15:07.739000,4088.701,4088.051,2250,2250
2021-04-08 00:15:07.850000,4088.967,4088.037,2710,4190
2021-04-08 00:15:07.900000,4088.958,4088.239,2250,2250
2021-04-08 00:15:09.778000,4089.264,4088.24,2710,4190
2021-04-08 00:15:09.829000,4089.255,4088.551,2250,2250
2021-04-08 00:15:18.664000,4088.955,4088.239,2250,2250
2021-04-08 00:15:19.258000,4089.261,4088.297,2710,4190
2021-04-08 00:15:19.308000,4089.249,4088.548,2250,2250
2021-04-08 00:15:20.211000,4089.252,4088.243,2710,4190
2021-04-08 00:15:20.262000,4088.961,4088.239,2250,2250
2021-04-08 00:15:27.783000,4088.758,4088.231,2250,890
2021-04-08 00:15:27.833000,4088.767,4088.051,2250,2250
2021-04-08 00:15:33.846000,4088.467,4088.052,2250,890
2021-04-08 00:15:33.897000,4088.458,4087.748,2250,2250
2021-04-08 00:15:41.366000,4088.458,4088.097,2250,890
2021-04-08 00:15:41.417000,4088.758,4088.051,2250,2250
2021-04-08 00:15:41.687000,4088.667,4088.052,2250,890
2021-04-08 00:15:41.738000,4088.646,4087.948,2250,2250
2021-04-08 00:15:41.849000,4088.658,4087.746,2710,4190
2021-04-08 00:15:41.900000,4088.452,4087.751,2250,2250
2021-04-08 00:15:47.167000,4088.267,4087.737,2250,890
2021-04-08 00:15:47.217000,4088.252,4087.542,2250,2250
2021-04-08 00:15:58.790000,4087.955,4087.552,2250,890
2021-04-08 00:15:58.850000,4087.964,4087.239,2250,2250
2021-04-08 00:16:36.312000,4087.746,4087.249,2250,890
2021-04-08 00:16:36.368000,4087.767,4087.042,2250,2250
2021-04-08 00:16:52.490000,4087.449,4087.097,2250,890
2021-04-08 00:16:52.540000,4087.455,4086.742,2250,2250
2021-04-08 00:16:52.824000,4087.261,4086.797,2250,890
2021-04-08 00:16:52.875000,4087.264,4086.539,2250,2250
2021-04-08 00:16:53.456000,4087.446,4086.597,2710,4190
2021-04-08 00:16:53.506000,4087.458,4086.745,2250,2250
2021-04-08 00:16:56.753000,4087.701,4086.752,2710,4190
2021-04-08 00:16:56.803000,4087.701,4087.099,2250,2250
2021-04-08 00:17:09.005000,4087.467,4087.034,2250,890
2021-04-08 00:17:09.056000,4087.446,4086.742,2250,2250
2021-04-08 00:17:11.647000,4087.255,4086.749,2250,890
2021-04-08 00:17:11.698000,4087.201,4086.554,2250,2250
2021-04-08 00:17:12.452000,4087.446,4086.531,2710,4190
2021-04-08 00:17:12.502000,4087.461,4086.799,2250,2250
2021-04-08 00:17:15.236000,4087.349,4086.74,2250,890
2021-04-08 00:17:15.287000,4087.358,4086.639,2250,2250
2021-04-08 00:17:15.398000,4087.467,4086.697,2710,4190
2021-04-08 00:17:15.448000,4087.455,4086.739,2250,2250
2021-04-08 00:17:15.558000,4087.367,4086.797,2250,890
2021-04-08 00:17:15.608000,4087.361,4086.636,2250,2250
2021-04-08 00:17:16.036000,4087.255,4086.652,2250,890
2021-04-08 00:17:16.086000,4087.249,4086.536,2250,2250
2021-04-08 00:17:26.507000,4087.401,4086.537,2710,4190
2021-04-08 00:17:26.558000,4087.467,4086.799,2250,2250
2021-04-08 00:17:27.522000,4087.352,4086.749,2250,890
2021-04-08 00:17:27.573000,4087.367,4086.642,2250,2250
2021-04-08 00:17:27.684000,4087.449,4086.64,2710,4190
2021-04-08 00:17:27.734000,4087.452,4086.739,2250,2250
2021-04-08 00:17:31.223000,4087.661,4086.797,2710,4190
2021-04-08 00:17:31.274000,4087.646,4086.942,2250,2250
2021-04-08 00:17:32.053000,4087.401,4086.739,2250,2250
2021-04-08 00:17:32.198000,4087.746,4086.743,2710,4190
2021-04-08 00:17:32.249000,4087.749,4087.048,2250,2250
2021-04-08 00:17:32.805000,4087.446,4087.052,2250,890
2021-04-08 00:17:32.855000,4087.449,4086.742,2250,2250
2021-04-08 00:18:11.497000,4087.255,4086.743,2250,890
2021-04-08 00:18:11.547000,4087.261,4086.551,2250,2250
2021-04-08 00:18:20.295000,4087.246,4086.643,2250,890
2021-04-08 00:18:20.345000,4087.301,4086.654,2250,2250
2021-04-08 00:18:20.663000,4087.201,4086.631,2250,890
2021-04-08 00:18:20.713000,4087.267,4086.542,2250,2250
2021-04-08 00:18:21.160000,4087.301,4086.546,2710,4190
2021-04-08 00:18:21.211000,4087.367,4086.645,2250,2250
2021-04-08 00:18:21.483000,4087.252,4086.64,2250,890
2021-04-08 00:18:21.533000,4087.264,4086.542,2250,2250
2021-04-08 00:18:28.747000,4087.267,4086.734,2250,890
2021-04-08 00:18:28.797000,4087.452,4086.736,2250,2250
2021-04-08 00:18:30.408000,4087.346,4086.731,2250,890
2021-04-08 00:18:30.459000,4087.352,4086.633,2250,2250
2021-04-08 00:18:30.569000,4087.449,4086.631,2710,4190
2021-04-08 00:18:30.620000,4087.467,4086.736,2250,2250
2021-04-08 00:18:31.047000,4087.349,4086.731,2250,890
2021-04-08 00:18:31.097000,4087.355,4086.645,2250,2250
2021-04-08 00:18:31.209000,4087.467,4086.652,2710,4190
2021-04-08 00:18:31.260000,4087.464,4086.751,2250,2250
2021-04-08 00:18:32.176000,4087.349,4086.731,2250,890
2021-04-08 00:18:32.226000,4087.355,4086.648,2250,2250
2021-04-08 00:18:32.337000,4087.446,4086.634,2710,4190
2021-04-08 00:18:32.387000,4087.452,4086.739,2250,2250
2021-04-08 00:18:32.498000,4087.258,4086.797,2250,890
2021-04-08 00:18:32.548000,4087.246,4086.533,2250,2250
2021-04-08 00:18:32.871000,4087.467,4086.537,2710,4190
2021-04-08 00:18:32.922000,4087.458,4086.736,2250,2250
2021-04-08 00:18:36.860000,4087.767,4086.737,2710,4190
2021-04-08 00:18:36.911000,4087.764,4087.036,2250,2250
2021-04-08 00:19:09.813000,4087.446,4087.049,2250,890
2021-04-08 00:19:09.864000,4087.449,4086.736,2250,2250
2021-04-08 00:19:10.610000,4087.746,4086.749,2710,4190
2021-04-08 00:19:10.660000,4087.746,4087.054,2250,2250
2021-04-08 00:19:12.466000,4087.458,4087.049,2250,890
2021-04-08 00:19:12.516000,4087.401,4086.739,2250,2250
2021-04-08 00:19:14.151000,4087.764,4086.749,2710,4190
2021-04-08 00:19:14.202000,4087.752,4087.099,2250,2250
2021-04-08 00:19:14.472000,4087.458,4087.04,2250,890
2021-04-08 00:19:14.523000,4087.458,4086.748,2250,2250
2021-04-08 00:19:14.796000,4087.761,4086.752,2710,4190
2021-04-08 00:19:14.846000,4087.764,4087.045,2250,2250
2021-04-08 00:19:15.167000,4087.458,4087.049,2250,890
2021-04-08 00:19:15.217000,4087.446,4086.742,2250,2250
2021-04-08 00:19:40.365000,4087.258,4086.734,2250,890
2021-04-08 00:19:40.416000,4087.261,4086.548,2250,2250
2021-04-08 00:19:41.172000,4087.467,4086.537,2710,4190
2021-04-08 00:19:41.222000,4087.452,4086.733,2250,2250
2021-04-08 00:19:45.357000,4087.258,4086.74,2250,890
2021-04-08 00:19:45.407000,4087.246,4086.536,2250,2250
2021-04-08 00:20:06.552000,4086.946,4086.251,2250,2250
2021-04-08 00:20:11.244000,4087.267,4086.252,2710,4190
2021-04-08 00:20:11.295000,4087.267,4086.599,2250,2250
2021-04-08 00:20:23.212000,4087.152,4086.534,2250,890
2021-04-08 00:20:23.262000,4087.155,4086.499,2250,2250
2021-04-08 00:20:23.389000,4087.264,4086.548,2250,2250
2021-04-08 00:20:37.771000,4087.252,4086.752,2250,890
2021-04-08 00:20:37.821000,4087.461,4086.745,2250,2250
2021-04-08 00:20:43.019000,4087.646,4086.731,2710,4190
2021-04-08 00:20:43.069000,4087.658,4086.951,2250,2250
2021-04-08 00:20:43.897000,4087.749,4086.94,2710,4190
2021-04-08 00:20:43.947000,4087.749,4087.039,2250,2250
2021-04-08 00:20:46.495000,4087.452,4086.799,2250,2250
2021-04-08 00:20:54.696000,4087.767,4086.743,2710,4190
2021-04-08 00:20:54.746000,4087.749,4087.033,2250,2250
2021-04-08 00:21:11.702000,4087.464,4087.046,2250,890
2021-04-08 00:21:11.752000,4087.446,4086.739,2250,2250
2021-04-08 00:21:19.298000,4087.746,4086.731,2710,4190
2021-04-08 00:21:19.349000,4087.746,4087.033,2250,2250
2021-04-08 00:21:19.873000,4087.467,4087.097,2250,890
2021-04-08 00:21:19.924000,4087.452,4086.733,2250,2250
2021-04-08 00:21:27.099000,4087.749,4087.039,2250,2250
2021-04-08 00:21:27.377000,4087.667,4087.04,2250,890
2021-04-08 00:21:27.428000,4087.655,4086.948,2250,2250
2021-04-08 00:21:27.859000,4087.461,4086.952,2250,890
2021-04-08 00:21:27.909000,4087.452,4086.751,2250,2250
2021-04-08 00:21:28.536000,4087.649,4086.749,2710,4190
2021-04-08 00:21:28.586000,4087.646,4086.936,2250,2250
2021-04-08 00:21:29.683000,4087.401,4086.934,2250,890
2021-04-08 00:21:29.734000,4087.458,4086.736,2250,2250
2021-04-08 00:21:30.729000,4087.646,4086.951,2250,2250
2021-04-08 00:21:30.879000,4087.461,4086.949,2250,890
2021-04-08 00:21:30.929000,4087.449,4086.736,2250,2250
2021-04-08 00:21:34.596000,4087.752,4086.731,2710,4190
2021-04-08 00:21:34.646000,4087.767,4087.099,2250,2250
2021-04-08 00:21:47.394000,4087.961,4087.034,2710,4190
2021-04-08 00:21:47.445000,4087.964,4087.236,2250,2250
2021-04-08 00:22:16.772000,4087.752,4087.237,2250,890
2021-04-08 00:22:16.823000,4087.749,4087.054,2250,2250
2021-04-08 00:22:26.726000,4087.455,4087.037,2250,890
2021-04-08 00:22:26.776000,4087.461,4086.739,2250,2250
2021-04-08 00:22:28.668000,4087.761,4086.752,2710,4190
2021-04-08 00:22:28.719000,4087.701,4087.045,2250,2250
2021-04-08 00:22:50.331000,4087.958,4087.046,2710,4190
2021-04-08 00:22:50.381000,4087.946,4087.242,2250,2250
2021-04-08 00:24:08.731000,4088.164,4087.234,2710,4190
2021-04-08 00:24:08.781000,4088.152,4087.448,2250,2250
2021-04-08 00:24:09.056000,4087.955,4087.443,2250,890
2021-04-08 00:24:09.106000,4087.952,4087.254,2250,2250
2021-04-08 00:24:09.377000,4088.258,4087.24,2710,4190
2021-04-08 00:24:09.427000,4088.252,4087.539,2250,2250
2021-04-08 00:25:26.629000,4087.952,4087.537,2250,890
2021-04-08 00:25:26.679000,4087.967,4087.245,2250,2250
2021-04-08 00:25:28.165000,4088.146,4087.234,2710,4190
2021-04-08 00:25:28.215000,4088.164,4087.439,2250,2250
2021-04-08 00:25:29.681000,4087.958,4087.434,2250,890
2021-04-08 00:25:29.732000,4087.961,4087.239,2250,2250
2021-04-08 00:25:54.274000,4087.901,4087.034,2710,4190
2021-04-08 00:25:54.324000,4087.752,4087.042,2250,2250
2021-04-08 00:27:08.864000,4087.401,4087.046,2250,890
2021-04-08 00:27:08.914000,4087.461,4086.799,2250,2250
2021-04-08 00:27:31.889000,4087.701,4087.042,2250,2250
2021-04-08 00:27:44.432000,4087.958,4087.233,2250,2250
2021-04-08 00:27:49.455000,4087.749,4087.297,2250,890
2021-04-08 00:27:49.506000,4087.767,4087.048,2250,2250
2021-04-08 00:27:51.131000,4087.967,4087.04,2710,4190
2021-04-08 00:27:51.182000,4087.958,4087.248,2250,2250
2021-04-08 00:27:56.317000,4087.755,4087.048,2250,2250
2021-04-08 00:27:56.772000,4087.958,4087.04,2710,4190
2021-04-08 00:27:56.823000,4087.961,4087.254,2250,2250
2021-04-08 00:28:22.468000,4087.701,4087.252,2250,890
2021-04-08 00:28:22.519000,4087.767,4087.045,2250,2250
2021-04-08 00:28:26.683000,4087.961,4087.233,2250,2250
2021-04-08 00:28:31.680000,4087.864,4087.252,2250,890
2021-04-08 00:28:31.730000,4087.864,4087.154,2250,2250
2021-04-08 00:28:32.296000,4087.952,4087.245,2250,2250
2021-04-08 00:28:32.430000,4087.701,4087.243,2250,890
2021-04-08 00:28:32.481000,4087.755,4087.054,2250,2250
2021-04-08 00:28:33.006000,4087.858,4087.04,2710,4190
2021-04-08 00:28:33.056000,4087.864,4087.148,2250,2250
2021-04-08 00:28:33.330000,4087.964,4087.134,2710,4190
2021-04-08 00:28:33.380000,4087.961,4087.236,2250,2250
2021-04-08 00:28:34.533000,4087.752,4087.237,2250,890
2021-04-08 00:28:34.583000,4087.701,4087.039,2250,2250
2021-04-08 00:28:35.605000,4087.846,4087.097,2710,4190
2021-04-08 00:28:35.655000,4087.849,4087.145,2250,2250
2021-04-08 00:28:35.927000,4087.758,4087.137,2250,890
2021-04-08 00:28:35.978000,4087.761,4087.033,2250,2250
2021-04-08 00:29:09.689000,4087.958,4087.049,2710,4190
2021-04-08 00:29:09.739000,4087.901,4087.239,2250,2250
2021-04-08 00:29:32.144000,4088.261,4087.246,2710,4190
2021-04-08 00:29:32.194000,4088.255,4087.554,2250,2250
2021-04-08 00:30:00.157000,4087.946,4087.546,2250,890
2021-04-08 00:30:00.207000,4087.964,4087.233,2250,2250
2021-04-08 00:30:15.862000,4087.749,4087.243,2250,890
2021-04-08 00:30:15.912000,4087.752,4087.054,2250,2250
2021-04-08 00:30:16.185000,4087.801,4087.037,2710,4190
2021-04-08 00:30:16.235000,4087.858,4087.148,2250,2250
2021-04-08 00:30:16.522000,4087.946,4087.197,2710,4190
2021-04-08 00:30:16.573000,4087.967,4087.239,2250,2250
2021-04-08 00:30:16.951000,4087.846,4087.151,2250,2250
2021-04-08 00:30:17.067000,4087.752,4087.099,2250,2250
2021-04-08 00:30:20.624000,4087.458,4087.034,2250,890
2021-04-08 00:30:20.674000,4087.455,4086.751,2250,2250
2021-04-08 00:30:30.904000,4087.255,4086.743,2250,890
2021-04-08 00:30:30.954000,4087.267,4086.536,2250,2250
2021-04-08 00:30:36.496000,4087.246,4086.246,2710,4190
2021-04-08 00:30:36.546000,4086.952,4086.299,2250,2250
2021-04-08 00:30:39.254000,4086.758,4086.297,2250,890
2021-04-08 00:30:39.305000,4086.755,4086.045,2250,2250
2021-04-08 00:30:43.124000,4087.201,4086.043,2710,4190
2021-04-08 00:30:43.174000,4087.261,4086.542,2250,2250
2021-04-08 00:30:43.284000,4086.961,4086.543,2250,890
2021-04-08 00:30:43.334000,4086.946,4086.233,2250,2250
2021-04-08 00:30:43.444000,4087.246,4086.234,2710,4190
2021-04-08 00:30:43.494000,4087.252,4086.539,2250,2250
2021-04-08 00:30:47.919000,4087.458,4086.531,2710,4190
2021-04-08 00:30:47.969000,4087.455,4086.799,2250,2250
2021-04-08 00:30:48.238000,4087.464,4087.043,2250,890
2021-04-08 00:30:48.289000,4087.764,4087.048,2250,2250
2021-04-08 00:30:53.774000,4087.446,4087.052,2250,890
2021-04-08 00:30:53.825000,4087.458,4086.745,2250,2250
2021-04-08 00:31:45.745000,4087.252,4086.548,2250,2250
2021-04-08 00:31:46.755000,4087.452,4086.597,2710,4190
2021-04-08 00:31:46.805000,4087.449,4086.736,2250,2250
2021-04-08 00:32:00.157000,4087.758,4086.752,2710,4190
2021-04-08 00:32:00.207000,4087.764,4087.036,2250,2250
2021-04-08 00:32:15.558000,4087.952,4087.031,2710,4190
2021-04-08 00:32:15.609000,4087.949,4087.239,2250,2250
2021-04-08 00:32:15.721000,4087.867,4087.243,2250,890
2021-04-08 00:32:15.771000,4087.858,4087.145,2250,2250
2021-04-08 00:32:17.282000,4087.752,4087.146,2250,890
2021-04-08 00:32:17.332000,4087.767,4087.051,2250,2250
2021-04-08 00:32:25.691000,4087.864,4087.052,2710,4190
2021-04-08 00:32:25.741000,4087.864,4087.148,2250,2250
2021-04-08 00:32:26.510000,4087.901,4087.146,2710,4190
2021-04-08 00:32:26.561000,4087.967,4087.251,2250,2250
2021-04-08 00:32:37.574000,4087.855,4087.151,2250,2250
2021-04-08 00:32:37.724000,4087.767,4087.14,2250,890
2021-04-08 00:32:37.775000,4087.746,4087.054,2250,2250
2021-04-08 00:33:11.247000,4087.467,4086.799,2250,2250
2021-04-08 00:33:19.314000,4087.758,4086.746,2710,4190
2021-04-08 00:33:19.365000,4087.749,4087.033,2250,2250
2021-04-08 00:33:19.501000,4087.401,4086.739,2250,2250
2021-04-08 00:33:30.848000,4087.746,4086.743,2710,4190
2021-04-08 00:33:30.899000,4087.752,4087.039,2250,2250
2021-04-08 00:33:31.053000,4087.601,4086.936,2250,2250
2021-04-08 00:33:31.168000,4087.767,4086.931,2710,4190
2021-04-08 00:33:31.219000,4087.746,4087.036,2250,2250
2021-04-08 00:33:38.152000,4087.449,4087.031,2250,890
2021-04-08 00:33:38.203000,4087.455,4086.751,2250,2250
2021-04-08 00:33:50.199000,4087.701,4087.048,2250,2250
2021-04-08 00:33:59.512000,4087.701,4087.197,2250,890
2021-04-08 00:33:59.562000,4087.864,4087.199,2250,2250
2021-04-08 00:33:59.670000,4087.849,4087.097,2710,4190
2021-04-08 00:33:59.720000,4087.746,4087.042,2250,2250
2021-04-08 00:34:06.403000,4087.461,4087.046,2250,890
2021-04-08 00:34:06.454000,4087.461,4086.736,2250,2250
2021-04-08 00:34:11.136000,4087.246,4086.752,2250,890
2021-04-08 00:34:11.187000,4087.252,4086.536,2250,2250
2021-04-08 00:34:12.509000,4087.461,4086.54,2710,4190
2021-04-08 00:34:12.560000,4087.401,4086.736,2250,2250
2021-04-08 00:34:29.983000,4087.264,4086.731,2250,890
2021-04-08 00:34:30.033000,4087.267,4086.548,2250,2250
2021-04-08 00:34:31.717000,4087.467,4086.534,2710,4190
2021-04-08 00:34:31.767000,4087.449,4086.739,2250,2250
2021-04-08 00:34:34.556000,4087.452,4086.546,2710,4190
2021-04-08 00:34:34.607000,4087.261,4086.545,2250,2250
2021-04-08 00:34:42.110000,4087.464,4086.543,2710,4190
2021-04-08 00:34:42.161000,4087.452,4086.742,2250,2250
2021-04-08 00:34:43.465000,4087.201,4086.74,2250,890
2021-04-08 00:34:43.515000,4087.267,4086.539,2250,2250
2021-04-08 00:34:44.464000,4087.355,4086.546,2710,4190
2021-04-08 00:34:44.515000,4087.349,4086.639,2250,2250
2021-04-08 00:34:44.997000,4087.401,4086.751,2250,2250
2021-04-08 00:34:53.913000,4087.752,4087.048,2250,2250
2021-04-08 00:34:58.291000,4087.652,4087.097,2250,890
2021-04-08 00:34:58.341000,4087.655,4086.945,2250,2250
2021-04-08 00:35:00.050000,4087.749,4086.949,2710,4190
2021-04-08 00:35:00.101000,4087.761,4087.036,2250,2250
2021-04-08 00:35:02.302000,4087.452,4087.097,2250,890
2021-04-08 00:35:02.352000,4087.467,4086.742,2250,2250
2021-04-08 00:35:36.852000,4087.655,4086.933,2250,2250
2021-04-08 00:35:37.006000,4087.664,4087.037,2250,890
2021-04-08 00:35:37.056000,4087.701,4087.054,2250,2250
2021-04-08 00:35:38.747000,4087.652,4087.046,2250,890
2021-04-08 00:35:38.798000,4087.646,4086.939,2250,2250
2021-04-08 00:35:40.363000,4087.449,4086.943,2250,890
2021-04-08 00:35:40.414000,4087.401,4086.754,2250,2250
2021-04-08 00:36:02.599000,4087.646,4086.945,2250,2250
2021-04-08 00:36:02.988000,4087.401,4086.943,2250,890
2021-04-08 00:36:03.039000,4087.452,4086.745,2250,2250
2021-04-08 00:36:03.309000,4087.767,4086.731,2710,4190
2021-04-08 00:36:03.360000,4087.758,4087.054,2250,2250
2021-04-08 00:36:03.851000,4087.452,4087.034,2250,890
2021-04-08 00:36:03.901000,4087.467,4086.736,2250,2250
2021-04-08 00:36:06.633000,4087.252,4086.731,2250,890
2021-04-08 00:36:06.684000,4087.264,4086.599,2250,2250
2021-04-08 00:36:18.639000,4087.401,4086.537,2710,4190
2021-04-08 00:36:18.689000,4087.449,4086.739,2250,2250
2021-04-08 00:36:18.799000,4087.367,4086.743,2250,890
2021-04-08 00:36:18.850000,4087.346,4086.639,2250,2250
2021-04-08 00:36:24.553000,4087.261,4086.64,2250,890
2021-04-08 00:36:24.603000,4087.252,4086.554,2250,2250
2021-04-08 00:36:47.742000,4087.367,4086.549,2710,4190
2021-04-08 00:36:47.792000,4087.364,4086.636,2250,2250
2021-04-08 00:36:47.903000,4087.252,4086.631,2250,890
2021-04-08 00:36:47.953000,4087.258,4086.548,2250,2250
2021-04-08 00:36:51.231000,4087.367,4086.534,2710,4190
2021-04-08 00:36:51.282000,4087.352,4086.651,2250,2250
2021-04-08 00:36:51.673000,4087.255,4086.649,2250,890
2021-04-08 00:36:51.724000,4087.255,4086.539,2250,2250
2021-04-08 00:36:56.491000,4087.355,4086.537,2710,4190
2021-04-08 00:36:56.541000,4087.346,4086.633,2250,2250
2021-04-08 00:36:56.705000,4087.267,4086.649,2250,890
2021-04-08 00:36:56.755000,4087.249,4086.599,2250,2250
2021-04-08 00:36:57.792000,4087.361,4086.699,2250,2250
2021-04-08 00:36:58.111000,4087.249,4086.643,2250,890
2021-04-08 00:36:58.161000,4087.246,4086.599,2250,2250
2021-04-08 00:36:58.434000,4087.355,4086.531,2710,4190
2021-04-08 00:36:58.484000,4087.355,4086.639,2250,2250
2021-04-08 00:37:00.223000,4087.467,4086.652,2710,4190
2021-04-08 00:37:00.274000,4087.467,4086.736,2250,2250
2021-04-08 00:37:01.179000,4087.249,4086.752,2250,890
2021-04-08 00:37:01.230000,4087.264,4086.545,2250,2250
2021-04-08 00:37:12.429000,4087.346,4086.531,2710,4190
2021-04-08 00:37:12.479000,4087.364,4086.642,2250,2250
2021-04-08 00:37:13.336000,4087.467,4086.697,2710,4190
2021-04-08 00:37:13.386000,4087.452,4086.733,2250,2250
2021-04-08 00:37:29.557000,4087.246,4086.749,2250,890
2021-04-08 00:37:29.607000,4087.201,4086.539,2250,2250
2021-04-08 00:38:16.969000,4086.958,4086.245,2250,2250
2021-04-08 00:38:26.337000,4086.749,4086.231,2250,890
2021-04-08 00:38:26.387000,4086.761,4086.099,2250,2250
2021-04-08 00:38:26.817000,4086.461,4086.043,2250,890
2021-04-08 00:38:26.867000,4086.461,4085.751,2250,2250
2021-04-08 00:38:29.511000,4086.764,4086.051,2250,2250
2021-04-08 00:38:29.661000,4086.455,4086.037,2250,890
2021-04-08 00:38:29.712000,4086.458,4085.733,2250,2250
2021-04-08 00:38:32.237000,4086.649,4085.737,2710,4190
2021-04-08 00:38:32.287000,4086.601,4085.942,2250,2250
2021-04-08 00:38:32.394000,4086.458,4085.949,2250,890
2021-04-08 00:38:32.445000,4086.452,4085.742,2250,2250
2021-04-08 00:38:51.409000,4086.649,4085.746,2710,4190
2021-04-08 00:38:51.460000,4086.667,4085.936,2250,2250
2021-04-08 00:38:52.435000,4086.764,4085.94,2710,4190
2021-04-08 00:38:52.485000,4086.755,4086.099,2250,2250
2021-04-08 00:38:52.620000,4086.649,4085.939,2250,2250
2021-04-08 00:38:54.130000,4086.449,4085.934,2250,890
2021-04-08 00:38:54.180000,4086.458,4085.751,2250,2250
2021-04-08 00:38:54.291000,4086.749,4085.797,2710,4190
2021-04-08 00:38:54.341000,4086.701,4086.033,2250,2250
2021-04-08 00:38:56.251000,4086.458,4085.754,2250,2250
2021-04-08 00:39:24.686000,4086.746,4085.734,2710,4190
2021-04-08 00:39:24.737000,4086.701,4086.042,2250,2250
2021-04-08 00:39:26.507000,4086.455,4086.031,2250,890
2021-04-08 00:39:26.558000,4086.449,4085.799,2250,2250
2021-04-08 00:39:26.668000,4086.755,4085.734,2710,4190
2021-04-08 00:39:26.718000,4086.764,4086.051,2250,2250
2021-04-08 00:39:29.328000,4086.446,4086.034,2250,890
2021-04-08 00:39:29.378000,4086.464,4085.751,2250,2250
2021-04-08 00:39:30.274000,4086.752,4085.734,2710,4190
2021-04-08 00:39:30.324000,4086.752,4086.054,2250,2250
2021-04-08 00:39:35.540000,4086.964,4086.037,2710,4190
2021-04-08 00:39:35.591000,4086.955,4086.239,2250,2250
2021-04-08 00:40:19.941000,4086.955,4086.046,2710,4190
2021-04-08 00:40:19.991000,4086.767,4086.054,2250,2250
2021-04-08 00:40:32.267000,4086.455,4086.031,2250,890
2021-04-08 00:40:32.317000,4086.464,4085.736,2250,2250
2021-04-08 00:40:33.310000,4086.664,4085.945,2250,2250
2021-04-08 00:40:33.971000,4086.746,4086.036,2250,2250
2021-04-08 00:40:34.391000,4086.652,4086.031,2250,890
2021-04-08 00:40:34.442000,4086.667,4085.936,2250,2250
2021-04-08 00:40:34.551000,4086.467,4085.943,2250,890
2021-04-08 00:40:34.602000,4086.446,4085.739,2250,2250
2021-04-08 00:40:39.796000,4086.746,4085.746,2710,4190
2021-04-08 00:40:39.847000,4086.749,4086.039,2250,2250
2021-04-08 00:40:40.120000,4086.401,4086.04,2250,890
2021-04-08 00:40:40.170000,4086.467,4085.742,2250,2250
2021-04-08 00:40:41.233000,4086.646,4085.999,2250,2250
2021-04-08 00:40:41.729000,4086.461,4085.94,2250,890
2021-04-08 00:40:41.779000,4086.446,4085.745,2250,2250
2021-04-08 00:40:42.047000,4086.467,4085.934,2250,890
2021-04-08 00:40:42.097000,4086.664,4085.945,2250,2250
2021-04-08 00:40:42.377000,4086.752,4085.931,2710,4190
2021-04-08 00:40:42.427000,4086.749,4086.039,2250,2250
2021-04-08 00:40:43.066000,4086.464,4086.04,2250,890
2021-04-08 00:40:43.117000,4086.401,4085.742,2250,2250
2021-04-08 00:40:44.937000,4086.661,4085.749,2710,4190
2021-04-08 00:40:44.988000,4086.664,4085.939,2250,2250
2021-04-08 00:40:45.097000,4086.752,4085.949,2710,4190
2021-04-08 00:40:45.148000,4086.758,4086.042,2250,2250
2021-04-08 00:41:06.017000,4086.664,4086.037,2250,890
2021-04-08 00:41:06.068000,4086.646,4085.936,2250,2250
2021-04-08 00:41:06.169000,4086.701,4085.943,2710,4190
2021-04-08 00:41:06.220000,4086.755,4086.033,2250,2250
2021-04-08 00:41:07.733000,4086.652,4086.031,2250,890
2021-04-08 00:41:07.784000,4086.655,4085.951,2250,2250
2021-04-08 00:41:08.069000,4086.758,4085.931,2710,4190
2021-04-08 00:41:08.120000,4086.752,4086.048,2250,2250
2021-04-08 00:42:16.006000,4086.852,4086.136,2250,2250
2021-04-08 00:42:16.167000,4086.701,4086.152,2250,890
2021-04-08 00:42:16.217000,4086.749,4086.051,2250,2250
2021-04-08 00:42:48.806000,4086.401,4086.04,2250,890
2021-04-08 00:42:48.856000,4086.446,4085.742,2250,2250
2021-04-08 00:42:51.118000,4086.749,4085.749,2710,4190
2021-04-08 00:42:51.169000,4086.755,4086.039,2250,2250
2021-04-08 00:42:51.280000,4086.658,4086.034,2250,890
2021-04-08 00:42:51.330000,4086.655,4085.933,2250,2250
2021-04-08 00:42:52.058000,4086.467,4085.94,2250,890
2021-04-08 00:42:52.108000,4086.458,4085.733,2250,2250
2021-04-08 00:42:53.141000,4086.664,4085.746,2710,4190
2021-04-08 00:42:53.191000,4086.655,4085.939,2250,2250
2021-04-08 00:42:53.330000,4086.458,4085.751,2250,2250
2021-04-08 00:42:54.073000,4086.652,4085.731,2710,4190
2021-04-08 00:42:54.123000,4086.649,4085.954,2250,2250
2021-04-08 00:42:54.565000,4086.401,4085.94,2250,890
2021-04-08 00:42:54.615000,4086.452,4085.736,2250,2250
2021-04-08 00:42:56.631000,4086.755,4085.731,2710,4190
2021-04-08 00:42:56.682000,4086.701,4086.099,2250,2250
2021-04-08 00:42:59.763000,4086.658,4086.037,2250,890
2021-04-08 00:42:59.814000,4086.601,4085.951,2250,2250
2021-04-08 00:43:01.414000,4086.752,4085.937,2710,4190
2021-04-08 00:43:01.465000,4086.761,4086.039,2250,2250
2021-04-08 00:43:08.957000,4086.649,4086.034,2250,890
2021-04-08 00:43:09.008000,4086.658,4085.936,2250,2250
2021-04-08 00:43:10.873000,4086.752,4085.946,2710,4190
2021-04-08 00:43:10.924000,4086.746,4086.048,2250,2250
2021-04-08 00:43:11.035000,4086.655,4086.034,2250,890
2021-04-08 00:43:11.085000,4086.646,4085.945,2250,2250
2021-04-08 00:43:13.623000,4086.701,4085.937,2710,4190
2021-04-08 00:43:13.673000,4086.758,4086.036,2250,2250
2021-04-08 00:43:15.035000,4086.661,4086.046,2250,890
2021-04-08 00:43:15.086000,4086.661,4085.951,2250,2250
2021-04-08 00:43:15.668000,4086.755,4085.94,2710,4190
2021-04-08 00:43:15.719000,4086.749,4086.042,2250,2250
2021-04-08 00:43:16.677000,4086.658,4086.043,2250,890
2021-04-08 00:43:16.727000,4086.649,4085.942,2250,2250
2021-04-08 00:43:16.840000,4086.761,4085.934,2710,4190
2021-04-08 00:43:16.891000,4086.761,4086.036,2250,2250
2021-04-08 00:43:45.881000,4086.467,4085.739,2250,2250
2021-04-08 00:43:47.276000,4086.601,4085.743,2710,4190
2021-04-08 00:43:47.326000,4086.667,4085.936,2250,2250
2021-04-08 00:43:47.468000,4086.755,4086.039,2250,2250
2021-04-08 00:44:05.375000,4086.767,4085.743,2710,4190
2021-04-08 00:44:05.425000,4086.464,4085.748,2250,2250
2021-04-08 00:44:08.321000,4086.664,4085.797,2710,4190
2021-04-08 00:44:08.371000,4086.667,4085.939,2250,2250
2021-04-08 00:44:08.649000,4086.746,4085.937,2710,4190
2021-04-08 00:44:08.700000,4086.758,4086.099,2250,2250
2021-04-08 00:44:08.809000,4086.646,4086.043,2250,890
2021-04-08 00:44:08.859000,4086.667,4085.945,2250,2250
2021-04-08 00:44:09.077000,4086.767,4085.931,2710,4190
2021-04-08 00:44:09.128000,4086.752,4086.048,2250,2250
2021-04-08 00:44:11.817000,4086.652,4086.097,2250,890
2021-04-08 00:44:11.868000,4086.646,4085.999,2250,2250
2021-04-08 00:44:12.909000,4086.458,4085.799,2250,2250
2021-04-08 00:44:13.652000,4086.667,4085.737,2710,4190
2021-04-08 00:44:13.702000,4086.646,4085.999,2250,2250
2021-04-08 00:44:15.024000,4086.446,4085.934,2250,890
2021-04-08 00:44:15.074000,4086.446,4085.751,2250,2250
2021-04-08 00:44:15.346000,4086.661,4085.734,2710,4190
2021-04-08 00:44:15.396000,4086.655,4085.936,2250,2250
2021-04-08 00:44:15.549000,4086.464,4085.739,2250,2250
2021-04-08 00:44:18.360000,4086.767,4085.752,2710,4190
2021-04-08 00:44:18.411000,4086.764,4086.042,2250,2250
2021-04-08 00:44:46.817000,4086.967,4086.052,2710,4190
2021-04-08 00:44:46.867000,4086.901,4086.248,2250,2250
2021-04-08 00:44:55.636000,4086.952,4086.046,2710,4190
2021-04-08 00:44:55.686000,4086.764,4086.036,2250,2250
2021-04-08 00:45:07.618000,4086.952,4086.034,2710,4190
2021-04-08 00:45:07.668000,4086.955,4086.236,2250,2250
2021-04-08 00:45:19.322000,4087.246,4086.297,2710,4190
2021-04-08 00:45:19.372000,4087.249,4086.542,2250,2250
2021-04-08 00:45:19.484000,4086.949,4086.534,2250,890
2021-04-08 00:45:19.534000,4086.961,4086.239,2250,2250
2021-04-08 00:45:21.901000,4087.167,4086.433,2250,2250
2021-04-08 00:45:22.671000,4087.264,4086.443,2710,4190
2021-04-08 00:45:22.721000,4087.252,4086.548,2250,2250
2021-04-08 00:45:37.558000,4087.267,4086.646,2250,890
2021-04-08 00:45:37.609000,4087.364,4086.699,2250,2250
2021-04-08 00:45:37.747000,4087.452,4086.754,2250,2250
2021-04-08 00:45:38.849000,4087.455,4087.031,2250,890
2021-04-08 00:45:38.899000,4087.746,4087.042,2250,2250
2021-04-08 00:46:04.356000,4087.455,4087.052,2250,890
2021-04-08 00:46:04.406000,4087.467,4086.754,2250,2250
2021-04-08 00:46:11.804000,4087.255,4086.74,2250,890
2021-04-08 00:46:11.854000,4087.249,4086.545,2250,2250
2021-04-08 00:46:14.859000,4086.967,4086.546,2250,890
2021-04-08 00:46:14.909000,4086.901,4086.254,2250,2250
2021-04-08 00:46:15.381000,4087.155,4086.24,2710,4190
2021-04-08 00:46:15.431000,4087.161,4086.433,2250,2250
2021-04-08 00:46:15.543000,4087.155,4086.543,2250,890
2021-04-08 00:46:15.593000,4087.267,4086.551,2250,2250
2021-04-08 00:46:47.848000,4087.367,4086.54,2710,4190
2021-04-08 00:46:47.898000,4087.352,4086.642,2250,2250
2021-04-08 00:46:48.561000,4087.464,4086.652,2710,4190
2021-04-08 00:46:48.612000,4087.455,4086.751,2250,2250
2021-04-08 00:46:50.370000,4087.249,4086.554,2250,2250
2021-04-08 00:46:58.728000,4087.446,4086.549,2710,4190
2021-04-08 00:46:58.778000,4087.464,4086.751,2250,2250
2021-04-08 00:47:00.637000,4087.267,4086.752,2250,890
2021-04-08 00:47:00.688000,4087.249,4086.536,2250,2250
2021-04-08 00:47:00.796000,4086.949,4086.236,2250,2250
2021-04-08 00:47:02.955000,4087.255,4086.24,2710,4190
2021-04-08 00:47:03.005000,4087.255,4086.554,2250,2250
2021-04-08 00:47:54.190000,4087.355,4086.531,2710,4190
2021-04-08 00:47:54.240000,4087.301,4086.639,2250,2250
2021-04-08 00:47:54.880000,4087.255,4086.652,2250,890
2021-04-08 00:47:54.930000,4087.246,4086.545,2250,2250
2021-04-08 00:47:56.424000,4087.352,4086.549,2710,4190
2021-04-08 00:47:56.475000,4087.361,4086.639,2250,2250
2021-04-08 00:47:56.587000,4087.201,4086.637,2250,890
2021-04-08 00:47:56.637000,4087.255,4086.545,2250,2250
2021-04-08 00:48:01.345000,4087.452,4086.751,2250,2250
2021-04-08 00:48:34.755000,4087.646,4086.734,2710,4190
2021-04-08 00:48:34.806000,4087.649,4086.936,2250,2250
2021-04-08 00:48:34.916000,4087.755,4086.931,2710,4190
2021-04-08 00:48:34.966000,4087.701,4087.048,2250,2250
2021-04-08 00:48:35.848000,4087.667,4087.04,2250,890
2021-04-08 00:48:35.899000,4087.655,4086.999,2250,2250
2021-04-08 00:48:36.344000,4087.452,4086.745,2250,2250
2021-04-08 00:48:37.366000,4087.652,4086.746,2710,4190
2021-04-08 00:48:37.416000,4087.652,4086.939,2250,2250
2021-04-08 00:48:38.137000,4087.464,4086.946,2250,890
2021-04-08 00:48:38.188000,4087.458,4086.739,2250,2250
2021-04-08 00:48:39.505000,4087.749,4086.74,2710,4190
2021-04-08 00:48:39.556000,4087.752,4087.036,2250,2250
2021-04-08 00:48:40.516000,4087.449,4087.043,2250,890
2021-04-08 00:48:40.566000,4087.461,4086.745,2250,2250
2021-04-08 00:49:06.522000,4087.255,4086.749,2250,890
2021-04-08 00:49:06.572000,4087.249,4086.551,2250,2250
2021-04-08 00:49:28.528000,4087.455,4086.549,2710,4190
2021-04-08 00:49:28.579000,4087.461,4086.751,2250,2250
2021-04-08 00:49:29.423000,4087.267,4086.746,2250,890
2021-04-08 00:49:29.473000,4087.252,4086.533,2250,2250
2021-04-08 00:49:32.678000,4087.364,4086.537,2710,4190
2021-04-08 00:49:32.729000,4087.361,4086.699,2250,2250
2021-04-08 00:49:32.961000,4087.249,4086.631,2250,890
2021-04-08 00:49:33.012000,4087.252,4086.545,2250,2250
2021-04-08 00:49:33.947000,4087.361,4086.534,2710,4190
2021-04-08 00:49:33.997000,4087.361,4086.636,2250,2250
2021-04-08 00:49:34.713000,4087.467,4086.643,2710,4190
2021-04-08 00:49:34.763000,4087.464,4086.748,2250,2250
2021-04-08 00:49:46.514000,4087.246,4086.752,2250,890
2021-04-08 00:49:46.564000,4087.258,4086.539,2250,2250
2021-04-08 00:49:46.807000,4087.364,4086.597,2710,4190
2021-04-08 00:49:46.857000,4087.301,4086.642,2250,2250
2021-04-08 00:49:47.561000,4087.464,4086.697,2710,4190
2021-04-08 00:49:47.611000,4087.458,4086.748,2250,2250
2021-04-08 00:49:55.572000,4087.749,4087.045,2250,2250
2021-04-08 00:50:08.682000,4087.955,4087.097,2710,4190
2021-04-08 00:50:08.732000,4087.967,4087.233,2250,2250
2021-04-08 00:50:12.673000,4088.258,4087.297,2710,4190
2021-04-08 00:50:12.723000,4088.267,4087.599,2250,2250
2021-04-08 00:50:12.829000,4087.946,4087.531,2250,890
2021-04-08 00:50:12.880000,4087.946,4087.299,2250,2250
2021-04-08 00:50:13.749000,4088.255,4087.243,2710,4190
2021-04-08 00:50:13.800000,4088.249,4087.548,2250,2250
2021-04-08 00:50:19.297000,4088.267,4088.049,2250,890
2021-04-08 00:50:19.347000,4088.767,4088.033,2250,2250
2021-04-08 00:50:26.614000,4088.967,4088.236,2250,2250
2021-04-08 00:50:26.732000,4089.249,4088.24,2710,4190
2021-04-08 00:50:26.783000,4089.264,4088.536,2250,2250
2021-04-08 00:50:42.460000,4088.958,4088.248,2250,2250
2021-04-08 00:50:46.640000,4089.246,4088.243,2710,4190
2021-04-08 00:50:46.690000,4089.267,4088.599,2250,2250
2021-04-08 00:50:49.622000,4089.264,4088.297,2710,4190
2021-04-08 00:50:49.672000,4088.958,4088.248,2250,2250
2021-04-08 00:50:50.515000,4089.267,4088.243,2710,4190
2021-04-08 00:50:50.566000,4089.261,4088.539,2250,2250
2021-04-08 00:50:56.840000,4088.952,4088.543,2250,890
2021-04-08 00:50:56.890000,4088.946,4088.299,2250,2250
2021-04-08 00:50:58.308000,4089.267,4088.539,2250,2250
2021-04-08 00:51:08.604000,4089.401,4088.549,2710,4190
2021-04-08 00:51:08.655000,4089.458,4088.733,2250,2250
2021-04-08 00:51:08.919000,4089.364,4088.734,2250,890
2021-04-08 00:51:08.969000,4089.361,4088.648,2250,2250
2021-04-08 00:51:09.744000,4089.364,4088.537,2710,4190
2021-04-08 00:51:09.794000,4089.258,4088.545,2250,2250
2021-04-08 00:51:15.853000,4089.352,4088.549,2710,4190
2021-04-08 00:51:15.903000,4089.352,4088.639,2250,2250
2021-04-08 00:51:16.013000,4089.467,4088.637,2710,4190
2021-04-08 00:51:16.063000,4089.464,4088.736,2250,2250
2021-04-08 00:51:20.805000,4089.261,4088.734,2250,890
2021-04-08 00:51:20.855000,4089.267,4088.542,2250,2250
2021-04-08 00:51:39.604000,4089.449,4088.531,2710,4190
2021-04-08 00:51:39.655000,4089.446,4088.799,2250,2250
2021-04-08 00:51:41.723000,4089.252,4088.74,2250,890
2021-04-08 00:51:41.773000,4089.264,4088.554,2250,2250
2021-04-08 00:52:05.156000,4089.455,4088.534,2710,4190
2021-04-08 00:52:05.206000,4089.458,4088.742,2250,2250
2021-04-08 00:52:31.874000,4089.655,4088.746,2710,4190
2021-04-08 00:52:31.925000,4089.601,4088.939,2250,2250
2021-04-08 00:52:32.733000,4089.701,4089.048,2250,2250
2021-04-08 00:52:36.555000,4089.461,4089.04,2250,890
2021-04-08 00:52:36.605000,4089.449,4088.745,2250,2250
2021-04-08 00:52:42.118000,4089.767,4088.797,2710,4190
2021-04-08 00:52:42.169000,4089.764,4089.054,2250,2250
2021-04-08 00:52:43.213000,4089.464,4089.046,2250,890
2021-04-08 00:52:43.264000,4089.455,4088.751,2250,2250
2021-04-08 00:52:45.276000,4089.761,4089.033,2250,2250
2021-04-08 00:52:49.793000,4089.464,4089.097,2250,890
2021-04-08 00:52:49.844000,4089.461,4088.736,2250,2250
2021-04-08 00:52:54.522000,4089.267,4088.548,2250,2250
2021-04-08 00:53:00.074000,4088.961,4088.534,2250,890
2021-04-08 00:53:00.124000,4088.967,4088.248,2250,2250
2021-04-08 00:53:01.293000,4089.246,4088.252,2710,4190
2021-04-08 00:53:01.343000,4089.255,4088.533,2250,2250
2021-04-08 00:53:04.823000,4088.958,4088.531,2250,890
2021-04-08 00:53:04.874000,4088.955,4088.245,2250,2250
2021-04-08 00:53:05.895000,4089.249,4088.243,2710,4190
2021-04-08 00:53:05.946000,4089.258,4088.554,2250,2250
2021-04-08 00:53:10.901000,4088.946,4088.534,2250,890
2021-04-08 00:53:10.952000,4088.961,4088.299,2250,2250
2021-04-08 00:53:21.415000,4089.246,4088.249,2710,4190
2021-04-08 00:53:21.466000,4089.252,4088.548,2250,2250
2021-04-08 00:53:23.924000,4088.961,4088.543,2250,890
2021-04-08 00:53:23.975000,4088.949,4088.233,2250,2250
2021-04-08 00:53:31.057000,4089.249,4088.297,2710,4190
2021-04-08 00:53:31.107000,4089.201,4088.536,2250,2250
2021-04-08 00:53:33.920000,4088.961,4088.552,2250,890
2021-04-08 00:53:33.970000,4088.946,4088.245,2250,2250
2021-04-08 00:53:43.251000,4088.761,4088.252,2250,890
2021-04-08 00:53:43.301000,4088.755,4088.048,2250,2250
2021-04-08 00:53:50.967000,4088.949,4088.233,2250,2250
2021-04-08 00:53:54.927000,4088.767,4088.24,2250,890
2021-04-08 00:53:54.977000,4088.758,4088.051,2250,2250
2021-04-08 00:53:55.401000,4088.846,4088.037,2710,4190
2021-04-08 00:53:55.451000,4088.855,4088.148,2250,2250
2021-04-08 00:53:55.959000,4088.949,4088.149,2710,4190
2021-04-08 00:53:56.009000,4088.901,4088.245,2250,2250
2021-04-08 00:53:56.279000,4088.749,4088.24,2250,890
2021-04-08 00:53:56.329000,4088.764,4088.054,2250,2250
2021-04-08 00:54:12.498000,4088.952,4088.043,2710,4190
2021-04-08 00:54:12.548000,4088.949,4088.251,2250,2250
2021-04-08 00:54:40.496000,4088.752,4088.039,2250,2250
2021-04-08 00:54:54.046000,4088.964,4088.097,2710,4190
2021-04-08 00:54:54.096000,4088.946,4088.239,2250,2250
2021-04-08 00:54:59.459000,4088.749,4088.246,2250,890
2021-04-08 00:54:59.509000,4088.761,4088.054,2250,2250
2021-04-08 00:55:00.683000,4088.446,4088.04,2250,890
2021-04-08 00:55:00.734000,4088.458,4087.733,2250,2250
2021-04-08 00:55:02.845000,4088.246,4087.746,2250,890
2021-04-08 00:55:02.896000,4088.261,4087.548,2250,2250
2021-04-08 00:55:06.970000,4088.446,4087.546,2710,4190
2021-04-08 00:55:07.020000,4088.452,4087.739,2250,2250
2021-04-08 00:55:40.336000,4088.646,4087.731,2710,4190
2021-04-08 00:55:40.386000,4088.601,4087.945,2250,2250
2021-04-08 00:55:40.816000,4088.746,4087.946,2710,4190
2021-04-08 00:55:40.866000,4088.746,4088.054,2250,2250
2021-04-08 00:55:41.138000,4088.646,4088.052,2250,890
2021-04-08 00:55:41.188000,4088.667,4087.939,2250,2250
2021-04-08 00:55:41.299000,4088.455,4087.997,2250,890
2021-04-08 00:55:41.350000,4088.464,4087.739,2250,2250
2021-04-08 00:55:52.563000,4088.664,4087.743,2710,4190
2021-04-08 00:55:52.614000,4088.658,4087.954,2250,2250
2021-04-08 00:55:52.725000,4088.464,4087.931,2250,890
2021-04-08 00:55:52.775000,4088.467,4087.733,2250,2250
2021-04-08 00:56:12.018000,4088.246,4087.752,2250,890
2021-04-08 00:56:12.069000,4088.252,4087.599,2250,2250
2021-04-08 00:56:12.662000,4087.958,4087.531,2250,890
2021-04-08 00:56:12.713000,4087.952,4087.245,2250,2250
2021-04-08 00:56:21.324000,4087.761,4087.243,2250,890
2021-04-08 00:56:21.375000,4087.761,4087.045,2250,2250
2021-04-08 00:56:21.519000,4087.801,4087.139,2250,2250
2021-04-08 00:56:21.647000,4087.955,4087.134,2710,4190
2021-04-08 00:56:21.697000,4087.964,4087.239,2250,2250
2021-04-08 00:56:36.482000,4087.864,4087.252,2250,890
2021-04-08 00:56:36.533000,4087.855,4087.133,2250,2250
2021-04-08 00:56:36.815000,4087.752,4087.152,2250,890
2021-04-08 00:56:36.866000,4087.755,4087.042,2250,2250
2021-04-08 00:56:49.431000,4087.901,4087.046,2710,4190
2021-04-08 00:56:49.481000,4087.958,4087.239,2250,2250
2021-04-08 00:56:50.297000,4087.864,4087.234,2250,890
2021-04-08 00:56:50.347000,4087.867,4087.133,2250,2250
2021-04-08 00:56:50.687000,4087.701,4087.134,2250,890
2021-04-08 00:56:50.737000,4087.752,4087.051,2250,2250
2021-04-08 00:56:53.806000,4087.952,4087.097,2710,4190
2021-04-08 00:56:53.856000,4087.964,4087.299,2250,2250
2021-04-08 00:57:03.446000,4087.764,4087.045,2250,2250
2021-04-08 00:57:16.867000,4087.955,4087.037,2710,4190
2021-04-08 00:57:16.917000,4087.958,4087.245,2250,2250
2021-04-08 00:57:37.981000,4087.758,4087.249,2250,890
2021-04-08 00:57:38.031000,4087.758,4087.033,2250,2250
2021-04-08 00:57:48.340000,4087.958,4087.236,2250,2250
2021-04-08 00:58:04.463000,4088.261,4087.243,2710,4190
2021-04-08 00:58:04.513000,4088.249,4087.539,2250,2250
2021-04-08 00:58:04.624000,4087.964,4087.543,2250,890
2021-04-08 00:58:04.674000,4087.958,4087.254,2250,2250
2021-04-08 00:58:43.795000,4087.761,4087.048,2250,2250
2021-04-08 00:58:54.222000,4087.946,4087.037,2710,4190
2021-04-08 00:58:54.272000,4087.946,4087.254,2250,2250
2021-04-08 00:59:03.434000,4087.761,4087.246,2250,890
2021-04-08 00:59:03.484000,4087.752,4087.042,2250,2250
2021-04-08 00:59:04.011000,4087.701,4087.243,2250,890
2021-04-08 00:59:04.061000,4087.952,4087.236,2250,2250
2021-04-08 00:59:20.440000,4087.767,4087.048,2250,2250
2021-04-08 00:59:21.342000,4087.849,4087.037,2710,4190
2021-04-08 00:59:21.392000,4087.864,4087.154,2250,2250
2021-04-08 00:59:22.678000,4087.961,4087.131,2710,4190
2021-04-08 00:59:22.729000,4087.958,4087.239,2250,2250
2021-04-08 00:59:22.841000,4087.746,4087.249,2250,890
2021-04-08 00:59:22.891000,4087.749,4087.045,2250,2250
2021-04-08 00:59:23.202000,4087.701,4087.143,2250,890
2021-04-08 00:59:23.253000,4087.846,4087.136,2250,2250
2021-04-08 00:59:24.568000,4087.758,4087.131,2250,890
2021-04-08 00:59:24.618000,4087.764,4087.042,2250,2250
2021-04-08 01:00:00.113000,4087.949,4087.04,2710,4190
2021-04-08 01:00:00.164000,4087.964,4087.236,2250,2250
2021-04-08 01:00:08.362000,4087.758,4087.297,2250,890
2021-04-08 01:00:08.412000,4087.749,4087.045,2250,2250
2021-04-08 01:00:18.630000,4087.846,4087.052,2710,4190
2021-04-08 01:00:18.680000,4087.861,4087.151,2250,2250
2021-04-08 01:00:18.952000,4087.758,4087.143,2250,890
2021-04-08 01:00:19.002000,4087.749,4087.036,2250,2250
2021-04-08 01:00:32.069000,4087.464,4087.031,2250,890
2021-04-08 01:00:32.120000,4087.452,4086.745,2250,2250
2021-04-08 01:00:34.432000,4087.746,4087.033,2250,2250
2021-04-08 01:00:35.288000,4087.667,4087.049,2250,890
2021-04-08 01:00:35.338000,4087.646,4086.942,2250,2250
2021-04-08 01:00:35.969000,4087.767,4086.94,2710,4190
2021-04-08 01:00:36.019000,4087.761,4087.099,2250,2250
2021-04-08 01:00:48.224000,4087.464,4087.04,2250,890
2021-04-08 01:00:48.275000,4087.452,4086.739,2250,2250
2021-04-08 01:01:05.693000,4087.749,4086.752,2710,4190
2021-04-08 01:01:05.744000,4087.761,4087.039,2250,2250
2021-04-08 01:01:17.291000,4087.452,4087.046,2250,890
2021-04-08 01:01:17.341000,4087.467,4086.739,2250,2250
2021-04-08 01:01:40.239000,4087.755,4086.797,2710,4190
2021-04-08 01:01:40.289000,4087.701,4087.045,2250,2250
2021-04-08 01:01:52.337000,4087.958,4087.236,2250,2250
2021-04-08 01:02:02.166000,4087.767,4087.231,2250,890
2021-04-08 01:02:02.216000,4087.767,4087.045,2250,2250
2021-04-08 01:02:07.318000,4087.452,4087.097,2250,890
2021-04-08 01:02:07.369000,4087.452,4086.736,2250,2250
2021-04-08 01:02:15.119000,4087.761,4087.048,2250,2250
2021-04-08 01:02:20.748000,4087.764,4087.246,2250,890
2021-04-08 01:02:20.798000,4087.901,4087.236,2250,2250
2021-04-08 01:02:29.212000,4088.261,4087.249,2710,4190
2021-04-08 01:02:29.263000,4088.255,4087.554,2250,2250
2021-04-08 01:02:32.376000,4087.949,4087.546,2250,890
2021-04-08 01:02:32.426000,4087.967,4087.299,2250,2250
2021-04-08 01:02:39.094000,4088.249,4087.297,2710,4190
2021-04-08 01:02:39.144000,4088.261,4087.542,2250,2250
2021-04-08 01:02:39.991000,4087.949,4087.549,2250,890
2021-04-08 01:02:40.042000,4087.964,4087.239,2250,2250
2021-04-08 01:02:49.898000,4088.201,4087.246,2710,4190
2021-04-08 01:02:49.949000,4088.258,4087.542,2250,2250
2021-04-08 01:03:01.010000,4087.955,4087.233,2250,2250
2021-04-08 01:03:01.463000,4088.158,4087.297,2710,4190
2021-04-08 01:03:01.513000,4088.158,4087.442,2250,2250
2021-04-08 01:03:02.261000,4087.961,4087.437,2250,890
2021-04-08 01:03:02.311000,4087.952,4087.236,2250,2250
2021-04-08 01:03:12.935000,4087.767,4087.24,2250,890
2021-04-08 01:03:12.985000,4087.752,4087.039,2250,2250
2021-04-08 01:03:33.746000,4087.461,4087.052,2250,890
2021-04-08 01:03:33.796000,4087.452,4086.739,2250,2250
2021-04-08 01:03:44.009000,4087.746,4086.734,2710,4190
2021-04-08 01:03:44.059000,4087.758,4087.054,2250,2250
2021-04-08 01:03:45.900000,4087.455,4086.754,2250,2250
2021-04-08 01:03:49.531000,4087.755,4087.099,2250,2250
2021-04-08 01:04:19.905000,4087.401,4086.799,2250,2250
2021-04-08 01:04:31.073000,4087.764,4086.743,2710,4190
2021-04-08 01:04:31.124000,4087.764,4087.099,2250,2250
2021-04-08 01:04:35.522000,4087.449,4087.037,2250,890
2021-04-08 01:04:35.572000,4087.401,4086.754,2250,2250
2021-04-08 01:04:42.812000,4087.767,4086.743,2710,4190
2021-04-08 01:04:42.862000,4087.701,4087.036,2250,2250
2021-04-08 01:04:46.647000,4087.601,4086.945,2250,2250
2021-04-08 01:04:47.135000,4087.761,4086.937,2710,4190
2021-04-08 01:04:47.185000,4087.767,4087.042,2250,2250
2021-04-08 01:04:50.151000,4087.446,4087.034,2250,890
2021-04-08 01:04:50.202000,4087.458,4086.799,2250,2250
2021-04-08 01:05:05.796000,4087.252,4086.554,2250,2250
2021-04-08 01:05:19.528000,4086.952,4086.54,2250,890
2021-04-08 01:05:19.579000,4086.949,4086.299,2250,2250
2021-04-08 01:05:22.420000,4087.246,4086.249,2710,4190
2021-04-08 01:05:22.470000,4087.255,4086.545,2250,2250
2021-04-08 01:05:34.594000,4086.955,4086.552,2250,890
2021-04-08 01:05:34.645000,4086.958,4086.251,2250,2250
2021-04-08 01:05:56.295000,4086.701,4086.039,2250,2250
2021-04-08 01:05:57.285000,4086.946,4086.236,2250,2250
2021-04-08 01:06:01.245000,4086.758,4086.033,2250,2250
2021-04-08 01:06:06.467000,4086.452,4086.034,2250,890
2021-04-08 01:06:06.518000,4086.449,4085.748,2250,2250
2021-04-08 01:06:08.039000,4086.749,4085.797,2710,4190
2021-04-08 01:06:08.089000,4086.767,4086.048,2250,2250
2021-04-08 01:06:08.203000,4086.449,4086.031,2250,890
2021-04-08 01:06:08.254000,4086.401,4085.745,2250,2250
2021-04-08 01:06:08.975000,4086.749,4085.731,2710,4190
2021-04-08 01:06:09.025000,4086.761,4086.033,2250,2250
2021-04-08 01:06:12.144000,4086.655,4085.942,2250,2250
2021-04-08 01:06:12.266000,4086.755,4085.934,2710,4190
2021-04-08 01:06:12.316000,4086.752,4086.045,2250,2250
2021-04-08 01:06:13.674000,4086.658,4086.04,2250,890
2021-04-08 01:06:13.724000,4086.649,4085.954,2250,2250
2021-04-08 01:06:16.106000,4086.446,4085.745,2250,2250
2021-04-08 01:06:16.220000,4086.658,4085.752,2710,4190
2021-04-08 01:06:16.270000,4086.655,4085.951,2250,2250
2021-04-08 01:06:21.643000,4086.758,4085.934,2710,4190
2021-04-08 01:06:21.693000,4086.761,4086.033,2250,2250
2021-04-08 01:06:43.042000,4086.952,4086.097,2710,4190
2021-04-08 01:06:43.092000,4086.958,4086.236,2250,2250
2021-04-08 01:06:44.037000,4086.858,4086.243,2250,890
2021-04-08 01:06:44.087000,4086.852,4086.133,2250,2250
2021-04-08 01:06:44.840000,4086.958,4086.197,2710,4190
2021-04-08 01:06:44.890000,4086.946,4086.239,2250,2250
2021-04-08 01:06:46.271000,4086.764,4086.243,2250,890
2021-04-08 01:06:46.322000,4086.761,4086.033,2250,2250
2021-04-08 01:06:47.245000,4086.955,4086.097,2710,4190
2021-04-08 01:06:47.295000,4086.949,4086.254,2250,2250
2021-04-08 01:06:48.021000,4086.861,4086.249,2250,890
2021-04-08 01:06:48.072000,4086.801,4086.151,2250,2250
2021-04-08 01:06:48.720000,4086.955,4086.131,2710,4190
2021-04-08 01:06:48.770000,4086.958,4086.251,2250,2250
2021-04-08 01:07:09.479000,4087.267,4086.297,2710,4190
2021-04-08 01:07:09.529000,4087.258,4086.599,2250,2250
2021-04-08 01:07:17.314000,4087.401,4086.546,2710,4190
2021-04-08 01:07:17.365000,4087.455,4086.745,2250,2250
2021-04-08 01:07:24.109000,4087.255,4086.74,2250,890
2021-04-08 01:07:24.159000,4087.261,4086.599,2250,2250
2021-04-08 01:07:27.665000,4087.455,4086.534,2710,4190
2021-04-08 01:07:27.715000,4087.401,4086.799,2250,2250
2021-04-08 01:07:34.442000,4087.452,4086.549,2710,4190
2021-04-08 01:07:34.493000,4087.201,4086.554,2250,2250
2021-04-08 01:07:35.117000,4087.449,4086.537,2710,4190
2021-04-08 01:07:35.167000,4087.401,4086.799,2250,2250
2021-04-08 01:07:59.763000,4087.767,4087.033,2250,2250
2021-04-08 01:08:01.744000,4087.401,4086.754,2250,2250
2021-04-08 01:08:01.891000,4087.767,4086.749,2710,4190
2021-04-08 01:08:01.941000,4087.755,4087.054,2250,2250
2021-04-08 01:08:02.404000,4087.464,4086.745,2250,2250
2021-04-08 01:08:04.410000,4087.649,4086.797,2710,4190
2021-04-08 01:08:04.460000,4087.664,4086.954,2250,2250
2021-04-08 01:08:05.637000,4087.755,4086.934,2710,4190
2021-04-08 01:08:05.688000,4087.749,4087.033,2250,2250
2021-04-08 01:08:11.376000,4087.401,4087.052,2250,890
2021-04-08 01:08:11.426000,4087.446,4086.745,2250,2250
2021-04-08 01:08:11.535000,4087.761,4086.797,2710,4190
2021-04-08 01:08:11.585000,4087.767,4087.042,2250,2250
2021-04-08 01:08:13.305000,4087.755,4086.746,2710,4190
2021-04-08 01:08:13.355000,4087.461,4086.745,2250,2250
2021-04-08 01:08:14.787000,4087.661,4086.797,2710,4190
2021-04-08 01:08:14.837000,4087.658,4086.954,2250,2250
2021-04-08 01:08:16.597000,4087.764,4087.048,2250,2250
2021-04-08 01:08:23.267000,4087.458,4087.097,2250,890
2021-04-08 01:08:23.318000,4087.446,4086.754,2250,2250
2021-04-08 01:08:24.986000,4087.755,4086.734,2710,4190
2021-04-08 01:08:25.037000,4087.764,4087.033,2250,2250
2021-04-08 01:08:27.020000,4087.464,4087.052,2250,890
2021-04-08 01:08:27.070000,4087.401,4086.751,2250,2250
2021-04-08 01:08:27.185000,4087.658,4086.749,2710,4190
2021-04-08 01:08:27.235000,4087.601,4086.948,2250,2250
2021-04-08 01:08:27.513000,4087.767,4087.051,2250,2250
2021-04-08 01:08:40.509000,4087.655,4087.097,2250,890
2021-04-08 01:08:40.560000,4087.667,4086.999,2250,2250
2021-04-08 01:08:40.665000,4087.458,4086.949,2250,890
2021-04-08 01:08:40.717000,4087.455,4086.748,2250,2250
2021-04-08 01:08:40.825000,4087.658,4086.746,2710,4190
2021-04-08 01:08:40.875000,4087.646,4086.954,2250,2250
2021-04-08 01:08:41.132000,4087.461,4086.937,2250,890
2021-04-08 01:08:41.182000,4087.452,4086.799,2250,2250
2021-04-08 01:08:41.824000,4087.758,4086.734,2710,4190
2021-04-08 01:08:41.875000,4087.746,4087.033,2250,2250
2021-04-08 01:08:44.567000,4087.646,4087.034,2250,890
2021-04-08 01:08:44.617000,4087.646,4086.933,2250,2250
2021-04-08 01:08:44.727000,4087.452,4086.934,2250,890
2021-04-08 01:08:44.778000,4087.464,4086.745,2250,2250
2021-04-08 01:08:45.401000,4087.658,4086.749,2710,4190
2021-04-08 01:08:45.452000,4087.652,4086.939,2250,2250
2021-04-08 01:08:45.756000,4087.446,4086.934,2250,890
2021-04-08 01:08:45.806000,4087.461,4086.748,2250,2250
2021-04-08 01:09:07.278000,4087.267,4086.731,2250,890
2021-04-08 01:09:07.329000,4087.255,4086.542,2250,2250
2021-04-08 01:09:10.291000,4087.455,4086.537,2710,4190
2021-04-08 01:09:10.341000,4087.467,4086.748,2250,2250
2021-04-08 01:09:21.645000,4087.258,4086.536,2250,2250
2021-04-08 01:09:26.510000,4087.452,4086.531,2710,4190
2021-04-08 01:09:26.560000,4087.467,4086.733,2250,2250
2021-04-08 01:09:27.699000,4087.264,4086.734,2250,890
2021-04-08 01:09:27.750000,4087.246,4086.542,2250,2250
2021-04-08 01:09:27.863000,4087.358,4086.546,2710,4190
2021-04-08 01:09:27.913000,4087.358,4086.633,2250,2250
2021-04-08 01:09:28.269000,4087.464,4086.637,2710,4190
2021-04-08 01:09:28.319000,4087.446,4086.754,2250,2250
2021-04-08 01:10:57.235000,4087.752,4086.74,2710,4190
2021-04-08 01:10:57.285000,4087.752,4087.048,2250,2250
2021-04-08 01:11:00.237000,4087.458,4087.034,2250,890
2021-04-08 01:11:00.287000,4087.401,4086.742,2250,2250
2021-04-08 01:11:01.104000,4087.752,4086.752,2710,4190
2021-04-08 01:11:01.154000,4087.701,4087.042,2250,2250
2021-04-08 01:11:04.822000,4087.446,4087.04,2250,890
2021-04-08 01:11:04.873000,4087.464,4086.745,2250,2250
2021-04-08 01:11:05.560000,4087.458,4087.052,2250,890
2021-04-08 01:11:05.610000,4087.767,4087.033,2250,2250
2021-04-08 01:11:07.471000,4087.461,4087.049,2250,890
2021-04-08 01:11:07.521000,4087.458,4086.751,2250,2250
2021-04-08 01:11:17.265000,4087.755,4086.797,2710,4190
2021-04-08 01:11:17.316000,4087.701,4087.051,2250,2250
2021-04-08 01:11:18.641000,4087.449,4087.034,2250,890
2021-04-08 01:11:18.691000,4087.467,4086.745,2250,2250
2021-04-08 01:11:25.791000,4087.701,4087.048,2250,2250
2021-04-08 01:11:48.875000,4087.458,4086.733,2250,2250
2021-04-08 01:11:53.707000,4087.755,4086.74,2710,4190
2021-04-08 01:11:53.757000,4087.701,4087.045,2250,2250
2021-04-08 01:12:08.101000,4087.458,4087.046,2250,890
2021-04-08 01:12:08.152000,4087.449,4086.742,2250,2250
2021-04-08 01:12:36.334000,4087.264,4086.743,2250,890
2021-04-08 01:12:36.384000,4087.261,4086.554,2250,2250
2021-04-08 01:12:38.167000,4086.964,4086.552,2250,890
2021-04-08 01:12:38.217000,4086.946,4086.239,2250,2250
2021-04-08 01:12:44.260000,4086.746,4086.24,2250,890
2021-04-08 01:12:44.311000,4086.761,4086.048,2250,2250
2021-04-08 01:12:52.161000,4086.958,4086.043,2710,4190
2021-04-08 01:12:52.211000,4086.955,4086.248,2250,2250
2021-04-08 01:12:52.485000,4086.764,4086.234,2250,890
2021-04-08 01:12:52.535000,4086.758,4086.048,2250,2250
2021-04-08 01:14:15.243000,4086.901,4086.046,2710,4190
2021-04-08 01:14:15.293000,4086.952,4086.251,2250,2250
2021-04-08 01:14:16.096000,4087.258,4086.554,2250,2250
2021-04-08 01:14:16.210000,4087.161,4086.543,2250,890
2021-04-08 01:14:16.260000,4087.167,4086.439,2250,2250
2021-04-08 01:14:16.367000,4086.967,4086.437,2250,890
2021-04-08 01:14:16.417000,4086.961,4086.248,2250,2250
2021-04-08 01:14:17.559000,4087.101,4086.246,2710,4190
2021-04-08 01:14:17.609000,4087.101,4086.451,2250,2250
2021-04-08 01:14:17.967000,4086.967,4086.449,2250,890
2021-04-08 01:14:18.017000,4086.967,4086.233,2250,2250
2021-04-08 01:14:18.451000,4087.249,4086.252,2710,4190
2021-04-08 01:14:18.501000,4087.246,4086.533,2250,2250
2021-04-08 01:14:25.671000,4087.458,4086.751,2250,2250
2021-04-08 01:14:27.243000,4087.361,4086.746,2250,890
2021-04-08 01:14:27.294000,4087.364,4086.645,2250,2250
2021-04-08 01:14:27.665000,4087.467,4086.631,2710,4190
2021-04-08 01:14:27.716000,4087.464,4086.742,2250,2250
2021-04-08 01:14:28.436000,4087.401,4086.637,2710,4190
2021-04-08 01:14:28.487000,4087.364,4086.633,2250,2250
2021-04-08 01:14:28.758000,4087.255,4086.637,2250,890
2021-04-08 01:14:28.808000,4087.249,4086.554,2250,2250
2021-04-08 01:14:28.920000,4087.464,4086.552,2710,4190
2021-04-08 01:14:28.970000,4087.467,4086.733,2250,2250
2021-04-08 01:14:30.302000,4087.358,4086.743,2250,890
2021-04-08 01:14:30.352000,4087.358,4086.636,2250,2250
2021-04-08 01:14:33.262000,4087.452,4086.754,2250,2250
2021-04-08 01:14:33.534000,4087.355,4086.734,2250,890
2021-04-08 01:14:33.584000,4087.355,4086.699,2250,2250
2021-04-08 01:14:33.695000,4087.267,4086.697,2250,890
2021-04-08 01:14:33.745000,4087.201,4086.533,2250,2250
2021-04-08 01:14:34.190000,4087.352,4086.597,2710,4190
2021-04-08 01:14:34.240000,4087.367,4086.699,2250,2250
2021-04-08 01:14:34.710000,4087.461,4086.64,2710,4190
2021-04-08 01:14:34.761000,4087.452,4086.754,2250,2250
2021-04-08 01:14:36.086000,4087.258,4086.797,2250,890
2021-04-08 01:14:36.137000,4087.264,4086.536,2250,2250
2021-04-08 01:14:42.179000,4087.452,4086.546,2710,4190
2021-04-08 01:14:42.229000,4087.455,4086.751,2250,2250
2021-04-08 01:14:43.087000,4087.201,4086.734,2250,890
2021-04-08 01:14:43.137000,4087.264,4086.533,2250,2250
2021-04-08 01:14:48.585000,4087.446,4086.531,2710,4190
2021-04-08 01:14:48.635000,4087.464,4086.748,2250,2250
2021-04-08 01:14:58.261000,4087.255,4086.752,2250,890
2021-04-08 01:14:58.312000,4087.267,4086.536,2250,2250
2021-04-08 01:15:02.055000,4086.964,4086.543,2250,890
2021-04-08 01:15:02.105000,4086.961,4086.248,2250,2250
2021-04-08 01:15:06.517000,4087.258,4086.243,2710,4190
2021-04-08 01:15:06.567000,4087.201,4086.545,2250,2250
2021-04-08 01:15:13.139000,4087.158,4086.552,2250,890
2021-04-08 01:15:13.189000,4087.161,4086.448,2250,2250
2021-04-08 01:15:13.458000,4086.967,4086.44,2250,890
2021-04-08 01:15:13.509000,4086.946,4086.299,2250,2250
2021-04-08 01:15:26.984000,4086.749,4086.234,2250,890
2021-04-08 01:15:27.034000,4086.764,4086.042,2250,2250
2021-04-08 01:15:32.238000,4086.952,4086.049,2710,4190
2021-04-08 01:15:32.289000,4086.961,4086.251,2250,2250
2021-04-08 01:15:33.243000,4086.764,4086.24,2250,890
2021-04-08 01:15:33.294000,4086.758,4086.036,2250,2250
2021-04-08 01:15:33.402000,4086.946,4086.043,2710,4190
2021-04-08 01:15:33.452000,4086.964,4086.251,2250,2250
2021-04-08 01:15:34.056000,4086.761,4086.246,2250,890
2021-04-08 01:15:34.107000,4086.746,4086.051,2250,2250
2021-04-08 01:15:37.439000,4086.958,4086.097,2710,4190
2021-04-08 01:15:37.489000,4086.964,4086.245,2250,2250
2021-04-08 01:15:45.009000,4087.258,4086.246,2710,4190
2021-04-08 01:15:45.059000,4087.267,4086.539,2250,2250
2021-04-08 01:15:46.442000,4086.967,4086.251,2250,2250
2021-04-08 01:15:59.147000,4087.167,4086.237,2710,4190
2021-04-08 01:15:59.198000,4087.161,4086.439,2250,2250
2021-04-08 01:15:59.310000,4087.267,4086.437,2710,4190
2021-04-08 01:15:59.360000,4087.201,4086.539,2250,2250
2021-04-08 01:16:34.608000,4087.446,4086.531,2710,4190
2021-04-08 01:16:34.659000,4087.461,4086.742,2250,2250
2021-04-08 01:16:39.417000,4087.764,4086.752,2710,4190
2021-04-08 01:16:39.467000,4087.752,4087.051,2250,2250
2021-04-08 01:16:40.068000,4087.467,4087.043,2250,890
2021-04-08 01:16:40.118000,4087.401,4086.742,2250,2250
2021-04-08 01:16:40.389000,4087.752,4086.749,2710,4190
2021-04-08 01:16:40.440000,4087.764,4087.048,2250,2250
2021-04-08 01:16:41.195000,4087.655,4087.034,2250,890
2021-04-08 01:16:41.245000,4087.601,4086.948,2250,2250
2021-04-08 01:16:41.533000,4087.761,4087.039,2250,2250
2021-04-08 01:16:42.868000,4087.458,4087.031,2250,890
2021-04-08 01:16:42.918000,4087.458,4086.736,2250,2250
2021-04-08 01:16:45.788000,4087.761,4086.797,2710,4190
2021-04-08 01:16:45.838000,4087.746,4087.045,2250,2250
2021-04-08 01:16:55.038000,4087.855,4087.037,2710,4190
2021-04-08 01:16:55.088000,4087.852,4087.136,2250,2250
2021-04-08 01:16:55.797000,4087.767,4087.149,2250,890
2021-04-08 01:16:55.847000,4087.752,4087.054,2250,2250
2021-04-08 01:17:04.025000,4087.901,4087.097,2710,4190
2021-04-08 01:17:04.075000,4087.961,4087.242,2250,2250
2021-04-08 01:17:06.012000,4087.758,4087.237,2250,890
2021-04-08 01:17:06.062000,4087.755,4087.036,2250,2250
2021-04-08 01:17:09.836000,4087.846,4087.097,2710,4190
2021-04-08 01:17:09.886000,4087.867,4087.199,2250,2250
2021-04-08 01:17:11.856000,4087.761,4087.146,2250,890
2021-04-08 01:17:11.907000,4087.749,4087.054,2250,2250
2021-04-08 01:17:21.438000,4087.461,4087.046,2250,890
2021-04-08 01:17:21.489000,4087.449,4086.736,2250,2250
2021-04-08 01:17:28.044000,4087.658,4086.746,2710,4190
2021-04-08 01:17:28.094000,4087.661,4086.948,2250,2250
2021-04-08 01:17:29.238000,4087.767,4087.048,2250,2250
2021-04-08 01:17:57.050000,4087.961,4087.043,2710,4190
2021-04-08 01:17:57.124000,4087.955,4087.239,2250,2250
2021-04-08 01:17:58.290000,4088.267,4087.548,2250,2250
2021-04-08 01:17:59.802000,4087.949,4087.597,2250,890
2021-04-08 01:17:59.853000,4087.955,4087.242,2250,2250
2021-04-08 01:18:02.251000,4088.155,4087.433,2250,2250
2021-04-08 01:18:02.581000,4088.267,4087.545,2250,2250
2021-04-08 01:18:03.987000,4087.952,4087.543,2250,890
2021-04-08 01:18:04.037000,4087.961,4087.254,2250,2250
2021-04-08 01:18:05.762000,4087.967,4087.537,2250,890
2021-04-08 01:18:05.813000,4088.249,4087.533,2250,2250
2021-04-08 01:18:06.248000,4087.964,4087.534,2250,890
2021-04-08 01:18:06.298000,4087.901,4087.245,2250,2250
2021-04-08 01:18:12.100000,4088.264,4087.24,2710,4190
2021-04-08 01:18:12.150000,4088.252,4087.542,2250,2250
2021-04-08 01:18:20.404000,4087.901,4087.245,2250,2250
2021-04-08 01:18:22.054000,4088.261,4087.533,2250,2250
2021-04-08 01:18:22.318000,4088.146,4087.597,2250,890
2021-04-08 01:18:22.368000,4088.158,4087.445,2250,2250
2021-04-08 01:18:22.477000,4087.949,4087.446,2250,890
2021-04-08 01:18:22.527000,4087.949,4087.233,2250,2250
2021-04-08 01:18:22.638000,4088.161,4087.252,2710,4190
2021-04-08 01:18:22.688000,4088.158,4087.442,2250,2250
2021-04-08 01:18:22.800000,4088.261,4087.431,2710,4190
2021-04-08 01:18:22.850000,4088.255,4087.551,2250,2250
2021-04-08 01:18:22.963000,4088.158,4087.54,2250,890
2021-04-08 01:18:23.013000,4088.152,4087.433,2250,2250
2021-04-08 01:18:23.283000,4087.952,4087.44,2250,890
2021-04-08 01:18:23.334000,4087.952,4087.245,2250,2250
2021-04-08 01:18:24.249000,4088.155,4087.234,2710,4190
2021-04-08 01:18:24.300000,4088.158,4087.439,2250,2250
2021-04-08 01:18:24.411000,4088.258,4087.446,2710,4190
2021-04-08 01:18:24.461000,4088.264,4087.539,2250,2250
2021-04-08 01:18:25.795000,4088.164,4087.546,2250,890
2021-04-08 01:18:25.845000,4088.152,4087.433,2250,2250
2021-04-08 01:18:26.621000,4088.267,4087.449,2710,4190
2021-04-08 01:18:26.671000,4088.252,4087.551,2250,2250
2021-04-08 01:18:27.338000,4088.149,4087.534,2250,890
2021-04-08 01:18:27.388000,4088.155,4087.454,2250,2250
2021-04-08 01:18:27.885000,4088.249,4087.44,2710,4190
2021-04-08 01:18:27.936000,4088.261,4087.533,2250,2250
2021-04-08 01:18:28.540000,4088.155,4087.54,2250,890
2021-04-08 01:18:28.590000,4088.149,4087.448,2250,2250
2021-04-08 01:18:28.704000,4087.949,4087.434,2250,890
2021-04-08 01:18:28.755000,4087.952,4087.233,2250,2250
2021-04-08 01:19:12.006000,4088.246,4087.249,2710,4190
2021-04-08 01:19:12.056000,4088.258,4087.599,2250,2250
2021-04-08 01:19:12.167000,4088.164,4087.546,2250,890
2021-04-08 01:19:12.217000,4088.155,4087.454,2250,2250
2021-04-08 01:19:12.780000,4087.952,4087.446,2250,890
2021-04-08 01:19:12.830000,4087.967,4087.248,2250,2250
2021-04-08 01:19:13.419000,4088.167,4087.231,2710,4190
2021-04-08 01:19:13.469000,4088.149,4087.439,2250,2250
2021-04-08 01:19:15.339000,4087.955,4087.434,2250,890
2021-04-08 01:19:15.389000,4087.952,4087.239,2250,2250
2021-04-08 01:19:18.184000,4088.101,4087.252,2710,4190
2021-04-08 01:19:18.235000,4088.101,4087.439,2250,2250
2021-04-08 01:19:19.084000,4087.901,4087.449,2250,890
2021-04-08 01:19:19.134000,4087.901,4087.299,2250,2250
2021-04-08 01:19:24.560000,4087.764,4087.231,2250,890
2021-04-08 01:19:24.611000,4087.752,4087.039,2250,2250
2021-04-08 01:19:30.258000,4087.964,4087.046,2710,4190
2021-04-08 01:19:30.308000,4087.961,4087.236,2250,2250
2021-04-08 01:19:32.735000,4087.761,4087.297,2250,890
2021-04-08 01:19:32.786000,4087.764,4087.099,2250,2250
2021-04-08 01:19:39.346000,4087.858,4087.04,2710,4190
2021-04-08 01:19:39.396000,4087.867,4087.136,2250,2250
2021-04-08 01:19:40.790000,4087.755,4087.152,2250,890
2021-04-08 01:19:40.840000,4087.749,4087.039,2250,2250
2021-04-08 01:19:54.504000,4087.446,4086.754,2250,2250
2021-04-08 01:20:00.393000,4087.761,4086.737,2710,4190
2021-04-08 01:20:00.443000,4087.764,4087.099,2250,2250
2021-04-08 01:20:02.548000,4087.461,4087.04,2250,890
2021-04-08 01:20:02.598000,4087.458,4086.742,2250,2250
2021-04-08 01:20:03.255000,4087.749,4086.743,2710,4190
2021-04-08 01:20:03.306000,4087.761,4087.051,2250,2250
2021-04-08 01:20:06.004000,4087.961,4087.034,2710,4190
2021-04-08 01:20:06.054000,4087.961,4087.248,2250,2250
2021-04-08 01:20:06.177000,4087.761,4087.042,2250,2250
2021-04-08 01:20:13.000000,4087.901,4087.037,2710,4190
2021-04-08 01:20:13.051000,4087.964,4087.299,2250,2250
2021-04-08 01:20:15.660000,4087.861,4087.142,2250,2250
2021-04-08 01:20:15.820000,4087.749,4087.131,2250,890
2021-04-08 01:20:15.870000,4087.767,4087.054,2250,2250
2021-04-08 01:20:17.099000,4087.755,4087.152,2250,890
2021-04-08 01:20:17.149000,4087.861,4087.139,2250,2250
2021-04-08 01:20:17.285000,4087.758,4087.048,2250,2250
2021-04-08 01:20:35.216000,4087.455,4087.034,2250,890
2021-04-08 01:20:35.267000,4087.464,4086.751,2250,2250
2021-04-08 01:20:35.699000,4087.658,4086.743,2710,4190
2021-04-08 01:20:35.749000,4087.646,4086.936,2250,2250
2021-04-08 01:20:35.860000,4087.755,4086.94,2710,4190
2021-04-08 01:20:35.910000,4087.752,4087.039,2250,2250
2021-04-08 01:20:37.882000,4087.401,4087.043,2250,890
2021-04-08 01:20:37.933000,4087.464,4086.739,2250,2250
2021-04-08 01:20:38.364000,4087.701,4086.752,2710,4190
2021-04-08 01:20:38.415000,4087.767,4087.051,2250,2250
2021-04-08 01:20:41.055000,4087.452,4086.733,2250,2250
2021-04-08 01:20:49.858000,4087.749,4086.749,2710,4190
2021-04-08 01:20:49.908000,4087.758,4087.048,2250,2250
2021-04-08 01:20:53.689000,4087.452,4087.043,2250,890
2021-04-08 01:20:53.739000,4087.446,4086.748,2250,2250
2021-04-08 01:20:54.714000,4087.749,4086.746,2710,4190
2021-04-08 01:20:54.764000,4087.764,4087.036,2250,2250
2021-04-08 01:20:54.917000,4087.646,4086.945,2250,2250
2021-04-08 01:20:55.035000,4087.464,4086.931,2250,890
2021-04-08 01:20:55.085000,4087.452,4086.739,2250,2250
2021-04-08 01:21:00.232000,4087.458,4087.049,2250,890
2021-04-08 01:21:00.283000,4087.767,4087.054,2250,2250
2021-04-08 01:21:01.240000,4087.701,4086.537,2710,4190
2021-04-08 01:21:01.290000,4087.258,4086.599,2250,2250
2021-04-08 01:21:07.500000,4086.901,4086.54,2250,890
2021-04-08 01:21:07.550000,4086.961,4086.239,2250,2250
2021-04-08 01:21:20.333000,4087.264,4086.539,2250,2250
2021-04-08 01:21:35.253000,4087.461,4086.549,2710,4190
2021-04-08 01:21:35.304000,4087.458,4086.733,2250,2250
2021-04-08 01:21:43.897000,4087.661,4086.749,2710,4190
2021-04-08 01:21:43.947000,4087.649,4086.954,2250,2250
2021-04-08 01:21:44.099000,4087.752,4087.099,2250,2250
2021-04-08 01:21:44.429000,4087.449,4086.733,2250,2250
2021-04-08 01:21:44.801000,4087.767,4086.731,2710,4190
2021-04-08 01:21:44.852000,4087.767,4087.048,2250,2250
2021-04-08 01:21:50.811000,4087.955,4087.031,2710,4190
2021-04-08 01:21:50.862000,4087.964,4087.233,2250,2250
2021-04-08 01:22:07.662000,4088.161,4087.454,2250,2250
2021-04-08 01:22:07.898000,4088.158,4087.531,2250,890
2021-04-08 01:22:07.948000,4088.264,4087.545,2250,2250
2021-04-08 01:22:39.961000,4087.949,4087.534,2250,890
2021-04-08 01:22:40.011000,4087.952,4087.242,2250,2250
2021-04-08 01:22:54.595000,4088.146,4087.252,2710,4190
2021-04-08 01:22:54.646000,4088.164,4087.439,2250,2250
2021-04-08 01:22:56.163000,4087.967,4087.497,2250,890
2021-04-08 01:22:56.213000,4087.961,4087.239,2250,2250
2021-04-08 01:23:01.052000,4088.164,4087.499,2250,2250
2021-04-08 01:23:01.193000,4088.246,4087.452,2710,4190
2021-04-08 01:23:01.244000,4088.201,4087.548,2250,2250
2021-04-08 01:23:04.023000,4087.958,4087.233,2250,2250
2021-04-08 01:23:04.374000,4088.252,4087.24,2710,4190
2021-04-08 01:23:04.425000,4088.267,4087.545,2250,2250
2021-04-08 01:23:08.714000,4088.155,4087.531,2250,890
2021-04-08 01:23:08.764000,4088.101,4087.436,2250,2250
2021-04-08 01:23:08.876000,4088.261,4087.44,2710,4190
2021-04-08 01:23:08.926000,4088.246,4087.536,2250,2250
2021-04-08 01:23:11.943000,4088.167,4087.451,2250,2250
2021-04-08 01:23:12.724000,4087.958,4087.497,2250,890
2021-04-08 01:23:12.774000,4087.958,4087.299,2250,2250
2021-04-08 01:23:12.933000,4088.261,4087.542,2250,2250
2021-04-08 01:23:16.007000,4088.458,4087.543,2710,4190
2021-04-08 01:23:16.057000,4088.401,4087.799,2250,2250
2021-04-08 01:23:16.168000,4088.261,4087.752,2250,890
2021-04-08 01:23:16.218000,4088.246,4087.539,2250,2250
2021-04-08 01:23:26.050000,4088.367,4087.597,2710,4190
2021-04-08 01:23:26.100000,4088.301,4087.651,2250,2250
2021-04-08 01:23:26.650000,4088.461,4087.634,2710,4190
2021-04-08 01:23:26.700000,4088.401,4087.745,2250,2250
2021-04-08 01:24:00.736000,4088.755,4087.797,2710,4190
2021-04-08 01:24:00.786000,4088.752,4088.036,2250,2250
2021-04-08 01:24:00.898000,4088.455,4088.043,2250,890
2021-04-08 01:24:00.948000,4088.446,4087.799,2250,2250
2021-04-08 01:24:01.060000,4088.764,4087.734,2710,4190
2021-04-08 01:24:01.111000,4088.758,4088.099,2250,2250
2021-04-08 01:24:01.225000,4088.458,4088.049,2250,890
2021-04-08 01:24:01.275000,4088.449,4087.736,2250,2250
2021-04-08 01:24:02.645000,4088.761,4087.731,2710,4190
2021-04-08 01:24:02.695000,4088.764,4088.099,2250,2250
2021-04-08 01:24:03.777000,4088.655,4087.945,2250,2250
2021-04-08 01:24:03.916000,4088.461,4087.94,2250,890
2021-04-08 01:24:03.966000,4088.446,4087.742,2250,2250
2021-04-08 01:24:06.032000,4088.646,4087.743,2710,4190
2021-04-08 01:24:06.082000,4088.601,4087.999,2250,2250
2021-04-08 01:24:07.274000,4088.401,4087.931,2250,890
2021-04-08 01:24:07.324000,4088.461,4087.739,2250,2250
2021-04-08 01:24:07.623000,4088.667,4087.743,2710,4190
2021-04-08 01:24:07.673000,4088.661,4087.945,2250,2250
2021-04-08 01:24:07.787000,4088.464,4087.94,2250,890
2021-04-08 01:24:07.838000,4088.461,4087.748,2250,2250
2021-04-08 01:24:10.457000,4088.767,4087.731,2710,4190
2021-04-08 01:24:10.507000,4088.761,4088.048,2250,2250
2021-04-08 01:24:10.621000,4088.601,4087.945,2250,2250
2021-04-08 01:24:10.841000,4088.746,4088.042,2250,2250
2021-04-08 01:24:12.867000,4088.758,4087.734,2710,4190
2021-04-08 01:24:12.918000,4088.458,4087.742,2250,2250
2021-04-08 01:24:18.037000,4088.655,4087.731,2710,4190
2021-04-08 01:24:18.087000,4088.649,4087.999,2250,2250
2021-04-08 01:24:18.233000,4088.455,4087.94,2250,890
2021-04-08 01:24:18.283000,4088.449,4087.742,2250,2250
2021-04-08 01:24:18.823000,4088.658,4087.797,2710,4190
2021-04-08 01:24:18.873000,4088.601,4087.951,2250,2250
2021-04-08 01:24:20.798000,4088.449,4087.952,2250,890
2021-04-08 01:24:20.848000,4088.446,4087.745,2250,2250
2021-04-08 01:24:21.117000,4088.655,4087.797,2710,4190
2021-04-08 01:24:21.168000,4088.646,4087.936,2250,2250
2021-04-08 01:24:21.635000,4088.464,4087.937,2250,890
2021-04-08 01:24:21.686000,4088.449,4087.751,2250,2250
2021-04-08 01:24:22.941000,4088.649,4087.999,2250,2250
2021-04-08 01:24:23.382000,4088.701,4087.937,2710,4190
2021-04-08 01:24:23.432000,4088.749,4088.048,2250,2250
2021-04-08 01:24:24.624000,4088.467,4088.046,2250,890
2021-04-08 01:24:24.675000,4088.455,4087.733,2250,2250
2021-04-08 01:24:25.659000,4088.664,4087.746,2710,4190
2021-04-08 01:24:25.709000,4088.601,4087.939,2250,2250
2021-04-08 01:24:27.847000,4088.455,4087.931,2250,890
2021-04-08 01:24:27.897000,4088.461,4087.736,2250,2250
2021-04-08 01:24:29.896000,4088.652,4087.936,2250,2250
2021-04-08 01:24:30.409000,4088.458,4087.931,2250,890
2021-04-08 01:24:30.460000,4088.401,4087.748,2250,2250
2021-04-08 01:24:30.567000,4088.601,4087.734,2710,4190
2021-04-08 01:24:30.617000,4088.601,4087.945,2250,2250
2021-04-08 01:24:30.728000,4088.455,4087.952,2250,890
2021-04-08 01:24:30.778000,4088.467,4087.739,2250,2250
2021-04-08 01:24:32.117000,4088.749,4087.797,2710,4190
2021-04-08 01:24:32.168000,4088.701,4088.039,2250,2250
2021-04-08 01:24:34.187000,4088.949,4088.233,2250,2250
2021-04-08 01:24:42.510000,4089.249,4088.243,2710,4190
2021-04-08 01:24:42.561000,4089.261,4088.548,2250,2250
2021-04-08 01:25:04.887000,4089.361,4088.639,2250,2250
2021-04-08 01:25:05.036000,4089.264,4088.646,2250,890
2021-04-08 01:25:05.086000,4089.246,4088.536,2250,2250
2021-04-08 01:25:05.361000,4089.467,4088.597,2710,4190
2021-04-08 01:25:05.411000,4089.401,4088.742,2250,2250
2021-04-08 01:25:06.440000,4089.249,4088.74,2250,890
2021-04-08 01:25:06.490000,4089.252,4088.533,2250,2250
2021-04-08 01:25:08.277000,4089.349,4088.552,2710,4190
2021-04-08 01:25:08.327000,4089.358,4088.651,2250,2250
2021-04-08 01:25:08.439000,4089.446,4088.634,2710,4190
2021-04-08 01:25:08.489000,4089.461,4088.736,2250,2250
2021-04-08 01:25:09.890000,4089.267,4088.737,2250,890
2021-04-08 01:25:09.941000,4089.258,4088.542,2250,2250
2021-04-08 01:25:10.498000,4089.464,4088.733,2250,2250
2021-04-08 01:25:10.615000,4089.252,4088.743,2250,890
2021-04-08 01:25:10.665000,4089.258,4088.599,2250,2250
2021-04-08 01:25:53.783000,4088.958,4088.546,2250,890
2021-04-08 01:25:53.834000,4088.949,4088.254,2250,2250
2021-04-08 01:26:02.020000,4088.755,4088.243,2250,890
2021-04-08 01:26:02.070000,4088.752,4088.036,2250,2250
2021-04-08 01:26:06.110000,4088.861,4088.052,2710,4190
2021-04-08 01:26:06.160000,4088.855,4088.139,2250,2250
2021-04-08 01:26:06.446000,4088.749,4088.131,2250,890
2021-04-08 01:26:06.496000,4088.758,4088.099,2250,2250
2021-04-08 01:26:06.951000,4088.964,4088.236,2250,2250
2021-04-08 01:26:20.530000,4088.901,4088.046,2710,4190
2021-04-08 01:26:20.580000,4088.755,4088.033,2250,2250
2021-04-08 01:26:24.373000,4088.946,4088.037,2710,4190
2021-04-08 01:26:24.423000,4088.949,4088.245,2250,2250
2021-04-08 01:26:33.898000,4088.701,4088.297,2250,890
2021-04-08 01:26:33.949000,4088.764,4088.036,2250,2250
2021-04-08 01:26:36.804000,4088.958,4088.043,2710,4190
2021-04-08 01:26:36.855000,4088.961,4088.236,2250,2250
2021-04-08 01:26:37.890000,4088.764,4088.243,2250,890
2021-04-08 01:26:37.940000,4088.758,4088.033,2250,2250
2021-04-08 01:26:38.430000,4088.864,4088.046,2710,4190
2021-04-08 01:26:38.480000,4088.867,4088.139,2250,2250
2021-04-08 01:26:38.652000,4088.767,4088.149,2250,890
2021-04-08 01:26:38.703000,4088.752,4088.039,2250,2250
2021-04-08 01:26:40.638000,4088.861,4088.097,2710,4190
2021-04-08 01:26:40.688000,4088.861,4088.139,2250,2250
2021-04-08 01:26:41.426000,4088.761,4088.197,2250,890
2021-04-08 01:26:41.476000,4088.758,4088.033,2250,2250
2021-04-08 01:26:46.451000,4088.961,4088.052,2710,4190
2021-04-08 01:26:46.501000,4088.961,4088.251,2250,2250
2021-04-08 01:26:52.520000,4088.746,4088.042,2250,2250
2021-04-08 01:27:07.482000,4088.946,4088.043,2710,4190
2021-04-08 01:27:07.532000,4088.901,4088.251,2250,2250
2021-04-08 01:27:07.641000,4088.852,4088.297,2250,890
2021-04-08 01:27:07.691000,4088.801,4088.154,2250,2250
2021-04-08 01:27:07.801000,4088.746,4088.134,2250,890
2021-04-08 01:27:07.851000,4088.764,4088.036,2250,2250
2021-04-08 01:27:08.411000,4088.801,4088.04,2710,4190
2021-04-08 01:27:08.462000,4088.852,4088.154,2250,2250
2021-04-08 01:27:08.574000,4088.958,4088.143,2710,4190
2021-04-08 01:27:08.624000,4088.946,4088.245,2250,2250
2021-04-08 01:27:25.067000,4088.867,4088.297,2250,890
2021-04-08 01:27:25.118000,4088.864,4088.148,2250,2250
2021-04-08 01:27:25.553000,4088.967,4088.299,2250,2250
2021-04-08 01:27:26.362000,4088.867,4088.231,2250,890
2021-04-08 01:27:26.412000,4088.858,4088.142,2250,2250
2021-04-08 01:27:26.880000,4088.755,4088.149,2250,890
2021-04-08 01:27:26.930000,4088.755,4088.036,2250,2250
2021-04-08 01:27:58.883000,4088.967,4088.233,2250,2250
2021-04-08 01:28:28.033000,4089.161,4088.445,2250,2250
2021-04-08 01:28:28.266000,4089.267,4088.545,2250,2250
2021-04-08 01:28:31.477000,4089.164,4088.531,2250,890
2021-04-08 01:28:31.528000,4089.167,4088.433,2250,2250
2021-04-08 01:28:31.721000,4088.946,4088.44,2250,890
2021-04-08 01:28:31.772000,4088.946,4088.236,2250,2250
2021-04-08 01:28:32.045000,4089.149,4088.445,2250,2250
2021-04-08 01:28:32.228000,4088.901,4088.245,2250,2250
2021-04-08 01:28:45.535000,4089.252,4088.243,2710,4190
2021-04-08 01:28:45.586000,4089.255,4088.542,2250,2250
2021-04-08 01:28:47.416000,4089.158,4088.436,2250,2250
2021-04-08 01:28:48.247000,4089.261,4088.449,2710,4190
2021-04-08 01:28:48.297000,4089.252,4088.599,2250,2250
2021-04-08 01:28:53.896000,4088.964,4088.546,2250,890
2021-04-08 01:28:53.947000,4088.958,4088.236,2250,2250
2021-04-08 01:28:54.542000,4089.155,4088.246,2710,4190
2021-04-08 01:28:54.592000,4089.101,4088.439,2250,2250
2021-04-08 01:28:55.766000,4089.252,4088.437,2710,4190
2021-04-08 01:28:55.816000,4089.255,4088.599,2250,2250
2021-04-08 01:29:00.433000,4088.952,4088.552,2250,890
2021-04-08 01:29:00.483000,4088.958,4088.233,2250,2250
2021-04-08 01:29:01.396000,4089.252,4088.243,2710,4190
2021-04-08 01:29:01.447000,4089.264,4088.554,2250,2250
2021-04-08 01:29:08.819000,4089.361,4088.537,2710,4190
2021-04-08 01:29:08.869000,4089.346,4088.636,2250,2250
2021-04-08 01:29:09.318000,4089.249,4088.634,2250,890
2021-04-08 01:29:09.368000,4089.201,4088.548,2250,2250
