2021-04-13 00:00:26.238000,4130.501,4130.04,2250,890
2021-04-13 00:00:26.288000,4130.546,4129.848,2250,2250
2021-04-13 00:00:30.751000,4130.546,4129.937,2250,890
2021-04-13 00:00:30.801000,4130.661,4129.954,2250,2250
2021-04-13 00:00:30.914000,4130.667,4130.031,2250,890
2021-04-13 00:00:30.964000,4130.701,4130.033,2250,2250
2021-04-13 00:00:31.243000,4130.755,4129.834,3610,4190
2021-04-13 00:00:31.294000,4130.552,4129.842,2250,2250
2021-04-13 00:00:36.148000,4130.549,4129.552,3610,4190
2021-04-13 00:00:36.199000,4130.246,4129.545,2250,2250
2021-04-13 00:00:40.702000,4130.249,4129.852,2250,890
2021-04-13 00:00:40.752000,4130.561,4129.851,2250,2250
2021-04-13 00:00:42.290000,4130.201,4129.843,2250,890
2021-04-13 00:00:42.340000,4130.255,4129.539,2250,2250
2021-04-13 00:00:43.434000,4130.564,4129.543,3610,4190
2021-04-13 00:00:43.484000,4130.555,4129.833,2250,2250
2021-04-13 00:00:54.416000,4130.258,4129.897,2250,890
2021-04-13 00:00:54.466000,4130.249,4129.551,2250,2250
2021-04-13 00:01:01.509000,4130.267,4129.349,3610,4190
2021-04-13 00:01:01.559000,4130.052,4129.399,2250,2250
2021-04-13 00:01:02.357000,4130.264,4129.34,3610,4190
2021-04-13 00:01:02.408000,4130.249,4129.551,2250,2250
2021-04-13 00:01:03.435000,4130.067,4129.534,2250,890
2021-04-13 00:01:03.486000,4130.052,4129.339,2250,2250
2021-04-13 00:01:15.159000,4130.058,4129.034,3610,4190
2021-04-13 00:01:15.210000,4129.761,4129.039,2250,2250
2021-04-13 00:01:19.084000,4129.546,4129.04,2250,890
2021-04-13 00:01:19.135000,4129.501,4128.899,2250,2250
2021-04-13 00:01:19.241000,4129.267,4128.852,2250,890
2021-04-13 00:01:19.291000,4129.246,4128.599,2250,2250
2021-04-13 00:01:27.922000,4129.549,4128.543,3610,4190
2021-04-13 00:01:27.973000,4129.567,4128.836,2250,2250
2021-04-13 00:01:40.591000,4129.555,4129.034,2250,890
2021-04-13 00:01:40.641000,4129.761,4129.099,2250,2250
2021-04-13 00:01:50.565000,4129.955,4129.037,3610,4190
2021-04-13 00:01:50.616000,4129.952,4129.242,2250,2250
2021-04-13 00:01:51.266000,4129.701,4129.237,2250,890
2021-04-13 00:01:51.316000,4129.761,4129.045,2250,2250
2021-04-13 00:01:52.128000,4129.955,4129.049,3610,4190
2021-04-13 00:01:52.179000,4129.952,4129.254,2250,2250
2021-04-13 00:01:52.290000,4129.964,4129.346,2250,890
2021-04-13 00:01:52.341000,4130.052,4129.339,2250,2250
2021-04-13 00:01:54.855000,4130.164,4129.397,3610,4190
2021-04-13 00:01:54.906000,4130.146,4129.442,2250,2250
2021-04-13 00:01:55.750000,4130.201,4129.443,3610,4190
2021-04-13 00:01:55.800000,4130.255,4129.554,2250,2250
2021-04-13 00:02:08.821000,4130.052,4129.546,2250,890
2021-04-13 00:02:08.872000,4130.064,4129.345,2250,2250
2021-04-13 00:02:11.203000,4130.201,4129.352,3610,4190
2021-04-13 00:02:11.253000,4130.267,4129.599,2250,2250
2021-04-13 00:02:16.600000,4130.555,4129.546,3610,4190
2021-04-13 00:02:16.650000,4130.555,4129.854,2250,2250
2021-04-13 00:02:21.106000,4130.749,4129.84,3610,4190
2021-04-13 00:02:21.156000,4130.701,4130.042,2250,2250
2021-04-13 00:02:43.593000,4131.052,4130.04,3610,4190
2021-04-13 00:02:43.643000,4131.049,4130.342,2250,2250
2021-04-13 00:02:53.647000,4131.067,4130.034,3610,4190
2021-04-13 00:02:53.697000,4130.758,4130.036,2250,2250
2021-04-13 00:02:53.802000,4131.064,4130.097,3610,4190
2021-04-13 00:02:53.852000,4131.064,4130.354,2250,2250
2021-04-13 00:02:59.611000,4131.001,4130.234,3610,4190
2021-04-13 00:02:59.662000,4130.949,4130.239,2250,2250
2021-04-13 00:03:00.304000,4131.055,4130.231,3610,4190
2021-04-13 00:03:00.354000,4131.064,4130.333,2250,2250
2021-04-13 00:03:03.448000,4131.049,4130.037,3610,4190
2021-04-13 00:03:03.498000,4130.701,4130.051,2250,2250
2021-04-13 00:03:08.437000,4131.058,4130.04,3610,4190
2021-04-13 00:03:08.487000,4131.067,4130.348,2250,2250
2021-04-13 00:03:14.253000,4131.249,4130.346,3610,4190
2021-04-13 00:03:14.303000,4131.267,4130.533,2250,2250
2021-04-13 00:03:15.554000,4131.258,4130.84,2250,890
2021-04-13 00:03:15.604000,4131.501,4130.836,2250,2250
2021-04-13 00:03:18.743000,4131.501,4130.549,3610,4190
2021-04-13 00:03:18.794000,4131.252,4130.533,2250,2250
2021-04-13 00:03:27.825000,4131.252,4130.34,3610,4190
2021-04-13 00:03:27.875000,4131.001,4130.333,2250,2250
2021-04-13 00:03:32.689000,4131.146,4130.343,3610,4190
2021-04-13 00:03:32.740000,4131.155,4130.454,2250,2250
2021-04-13 00:03:33.371000,4131.261,4130.434,3610,4190
2021-04-13 00:03:33.421000,4131.255,4130.542,2250,2250
2021-04-13 00:03:35.385000,4131.501,4130.534,3610,4190
2021-04-13 00:03:35.436000,4131.555,4130.845,2250,2250
2021-04-13 00:03:37.062000,4131.249,4130.852,2250,890
2021-04-13 00:03:37.113000,4131.261,4130.539,2250,2250
2021-04-13 00:03:39.694000,4131.067,4130.537,2250,890
2021-04-13 00:03:39.744000,4131.046,4130.336,2250,2250
2021-04-13 00:03:40.696000,4130.767,4130.34,2250,890
2021-04-13 00:03:40.747000,4130.755,4130.036,2250,2250
2021-04-13 00:03:46.115000,4130.701,4130.337,2250,890
2021-04-13 00:03:46.165000,4131.055,4130.351,2250,2250
2021-04-13 00:03:55.489000,4131.061,4130.597,2250,890
2021-04-13 00:03:55.539000,4131.201,4130.533,2250,2250
2021-04-13 00:04:06.508000,4131.146,4130.546,2250,890
2021-04-13 00:04:06.559000,4131.158,4130.442,2250,2250
2021-04-13 00:04:06.777000,4131.001,4130.449,2250,890
2021-04-13 00:04:06.828000,4131.061,4130.348,2250,2250
2021-04-13 00:04:06.932000,4131.164,4130.397,3610,4190
2021-04-13 00:04:06.982000,4131.164,4130.436,2250,2250
2021-04-13 00:04:07.408000,4131.101,4130.552,2250,890
2021-04-13 00:04:07.459000,4131.267,4130.539,2250,2250
2021-04-13 00:04:07.565000,4131.061,4130.549,2250,890
2021-04-13 00:04:07.615000,4131.061,4130.351,2250,2250
2021-04-13 00:04:07.725000,4131.167,4130.334,3610,4190
2021-04-13 00:04:07.776000,4131.167,4130.439,2250,2250
2021-04-13 00:04:07.885000,4131.261,4130.449,3610,4190
2021-04-13 00:04:07.936000,4131.264,4130.542,2250,2250
2021-04-13 00:04:08.053000,4131.258,4130.452,3610,4190
2021-04-13 00:04:08.104000,4131.149,4130.439,2250,2250
2021-04-13 00:04:08.615000,4131.055,4130.452,2250,890
2021-04-13 00:04:08.665000,4131.067,4130.339,2250,2250
2021-04-13 00:04:17.803000,4131.067,4130.043,3610,4190
2021-04-13 00:04:17.853000,4130.701,4130.051,2250,2250
2021-04-13 00:04:32.095000,4130.752,4129.84,3610,4190
2021-04-13 00:04:32.145000,4130.501,4129.854,2250,2250
2021-04-13 00:04:32.415000,4130.264,4129.897,2250,890
2021-04-13 00:04:32.465000,4130.264,4129.599,2250,2250
2021-04-13 00:04:35.429000,4130.264,4129.34,3610,4190
2021-04-13 00:04:35.479000,4130.049,4129.342,2250,2250
2021-04-13 00:04:36.303000,4129.755,4129.352,2250,890
2021-04-13 00:04:36.354000,4129.701,4129.048,2250,2250
2021-04-13 00:04:36.788000,4129.752,4128.897,3610,4190
2021-04-13 00:04:36.839000,4129.564,4128.854,2250,2250
2021-04-13 00:04:39.100000,4129.561,4129.049,2250,890
2021-04-13 00:04:39.150000,4129.746,4129.039,2250,2250
2021-04-13 00:04:41.387000,4129.701,4128.934,3610,4190
2021-04-13 00:04:41.437000,4129.652,4128.954,2250,2250
2021-04-13 00:04:41.540000,4129.549,4128.943,2250,890
2021-04-13 00:04:41.591000,4129.546,4128.842,2250,2250
2021-04-13 00:04:56.047000,4129.546,4128.931,2250,890
2021-04-13 00:04:56.097000,4129.646,4128.939,2250,2250
2021-04-13 00:04:56.198000,4129.755,4128.931,3610,4190
2021-04-13 00:04:56.249000,4129.764,4129.033,2250,2250
2021-04-13 00:04:56.519000,4129.549,4129.037,2250,890
2021-04-13 00:04:56.569000,4129.555,4128.836,2250,2250
2021-04-13 00:05:02.940000,4129.561,4128.531,3610,4190
2021-04-13 00:05:02.990000,4129.201,4128.542,2250,2250
2021-04-13 00:05:06.162000,4129.258,4128.349,3610,4190
2021-04-13 00:05:06.212000,4129.055,4128.345,2250,2250
2021-04-13 00:05:10.328000,4129.255,4128.343,3610,4190
2021-04-13 00:05:10.378000,4129.255,4128.599,2250,2250
2021-04-13 00:05:11.458000,4129.252,4128.497,3610,4190
2021-04-13 00:05:11.508000,4129.164,4128.442,2250,2250
2021-04-13 00:05:11.780000,4129.158,4128.546,2250,890
2021-04-13 00:05:11.830000,4129.201,4128.542,2250,2250
2021-04-13 00:05:18.698000,4129.001,4128.546,2250,890
2021-04-13 00:05:18.749000,4129.052,4128.348,2250,2250
2021-04-13 00:05:18.863000,4129.167,4128.343,3610,4190
2021-04-13 00:05:18.914000,4129.164,4128.436,2250,2250
2021-04-13 00:05:19.527000,4129.267,4128.437,3610,4190
2021-04-13 00:05:19.577000,4129.258,4128.542,2250,2250
2021-04-13 00:05:21.083000,4129.046,4128.546,2250,890
2021-04-13 00:05:21.133000,4129.055,4128.342,2250,2250
2021-04-13 00:05:21.243000,4129.246,4128.349,3610,4190
2021-04-13 00:05:21.294000,4129.249,4128.551,2250,2250
2021-04-13 00:05:53.406000,4129.046,4128.549,2250,890
2021-04-13 00:05:53.456000,4129.061,4128.336,2250,2250
2021-04-13 00:06:01.953000,4129.252,4128.352,3610,4190
2021-04-13 00:06:02.003000,4129.255,4128.542,2250,2250
2021-04-13 00:06:02.761000,4129.246,4128.397,3610,4190
2021-04-13 00:06:02.812000,4129.064,4128.351,2250,2250
2021-04-13 00:06:03.242000,4129.246,4128.331,3610,4190
2021-04-13 00:06:03.293000,4129.258,4128.599,2250,2250
2021-04-13 00:06:08.669000,4129.567,4128.54,3610,4190
2021-04-13 00:06:08.719000,4129.558,4128.851,2250,2250
2021-04-13 00:06:12.235000,4129.758,4128.84,3610,4190
2021-04-13 00:06:12.286000,4129.755,4129.033,2250,2250
2021-04-13 00:06:12.556000,4129.652,4129.097,2250,890
2021-04-13 00:06:12.606000,4129.601,4128.942,2250,2250
2021-04-13 00:06:12.717000,4129.658,4129.046,2250,890
2021-04-13 00:06:12.768000,4129.767,4129.039,2250,2250
2021-04-13 00:06:13.245000,4129.555,4129.043,2250,890
2021-04-13 00:06:13.295000,4129.546,4128.899,2250,2250
2021-04-13 00:06:28.038000,4129.464,4128.837,2250,890
2021-04-13 00:06:28.088000,4129.464,4128.736,2250,2250
2021-04-13 00:06:28.273000,4129.452,4128.597,3610,4190
2021-04-13 00:06:28.324000,4129.246,4128.533,2250,2250
2021-04-13 00:06:41.504000,4129.549,4128.531,3610,4190
2021-04-13 00:06:41.555000,4129.552,4128.854,2250,2250
2021-04-13 00:06:49.871000,4129.555,4128.946,2250,890
2021-04-13 00:06:49.921000,4129.661,4128.936,2250,2250
2021-04-13 00:06:50.685000,4129.752,4128.94,3610,4190
2021-04-13 00:06:50.736000,4129.749,4129.099,2250,2250
2021-04-13 00:06:54.165000,4129.767,4128.946,3610,4190
2021-04-13 00:06:54.215000,4129.601,4128.999,2250,2250
2021-04-13 00:06:54.319000,4129.558,4128.934,2250,890
2021-04-13 00:06:54.370000,4129.567,4128.839,2250,2250
2021-04-13 00:07:19.385000,4129.567,4128.543,3610,4190
2021-04-13 00:07:19.435000,4129.255,4128.548,2250,2250
2021-04-13 00:07:21.729000,4129.064,4128.546,2250,890
2021-04-13 00:07:21.779000,4129.061,4128.348,2250,2250
2021-04-13 00:07:39.525000,4129.264,4128.352,3610,4190
2021-04-13 00:07:39.576000,4129.246,4128.545,2250,2250
2021-04-13 00:07:42.076000,4129.055,4128.546,2250,890
2021-04-13 00:07:42.127000,4129.052,4128.333,2250,2250
2021-04-13 00:07:42.886000,4129.055,4128.497,2250,890
2021-04-13 00:07:42.936000,4129.146,4128.439,2250,2250
2021-04-13 00:07:43.050000,4129.146,4128.531,2250,890
2021-04-13 00:07:43.100000,4129.252,4128.551,2250,2250
2021-04-13 00:07:45.453000,4129.064,4128.552,2250,890
2021-04-13 00:07:45.503000,4129.067,4128.342,2250,2250
2021-04-13 00:07:54.414000,4129.052,4128.546,2250,890
2021-04-13 00:07:54.465000,4129.255,4128.545,2250,2250
2021-04-13 00:08:04.459000,4129.067,4128.549,2250,890
2021-04-13 00:08:04.509000,4129.058,4128.348,2250,2250
2021-04-13 00:08:07.115000,4129.252,4128.397,3610,4190
2021-04-13 00:08:07.165000,4129.258,4128.533,2250,2250
2021-04-13 00:08:08.598000,4129.058,4128.552,2250,890
2021-04-13 00:08:08.649000,4129.061,4128.339,2250,2250
2021-04-13 00:08:27.851000,4129.001,4128.546,2250,890
2021-04-13 00:08:27.901000,4129.267,4128.551,2250,2250
2021-04-13 00:08:36.487000,4129.555,4128.534,3610,4190
2021-04-13 00:08:36.537000,4129.558,4128.839,2250,2250
2021-04-13 00:08:37.128000,4129.464,4128.897,2250,890
2021-04-13 00:08:37.179000,4129.449,4128.739,2250,2250
2021-04-13 00:08:37.288000,4129.552,4128.752,3610,4190
2021-04-13 00:08:37.339000,4129.555,4128.848,2250,2250
2021-04-13 00:08:41.807000,4129.564,4128.597,3610,4190
2021-04-13 00:08:41.858000,4129.255,4128.545,2250,2250
2021-04-13 00:08:44.341000,4129.446,4128.549,3610,4190
2021-04-13 00:08:44.391000,4129.455,4128.739,2250,2250
2021-04-13 00:08:44.504000,4129.458,4128.531,3610,4190
2021-04-13 00:08:44.554000,4129.261,4128.542,2250,2250
2021-04-13 00:08:45.389000,4129.458,4128.549,3610,4190
2021-04-13 00:08:45.439000,4129.449,4128.739,2250,2250
2021-04-13 00:08:46.083000,4129.252,4128.797,2250,890
2021-04-13 00:08:46.134000,4129.261,4128.539,2250,2250
2021-04-13 00:08:47.447000,4129.452,4128.543,3610,4190
2021-04-13 00:08:47.498000,4129.467,4128.745,2250,2250
2021-04-13 00:08:47.607000,4129.255,4128.731,2250,890
2021-04-13 00:08:47.657000,4129.252,4128.539,2250,2250
2021-04-13 00:08:53.090000,4129.258,4128.746,2250,890
2021-04-13 00:08:53.141000,4129.449,4128.751,2250,2250
2021-04-13 00:08:54.538000,4129.552,4128.752,3610,4190
2021-04-13 00:08:54.588000,4129.546,4128.836,2250,2250
2021-04-13 00:08:58.390000,4129.761,4128.852,3610,4190
2021-04-13 00:08:58.441000,4129.767,4129.039,2250,2250
2021-04-13 00:09:07.321000,4130.046,4129.043,3610,4190
2021-04-13 00:09:07.372000,4130.058,4129.354,2250,2250
2021-04-13 00:09:10.774000,4129.701,4129.337,2250,890
2021-04-13 00:09:10.824000,4129.746,4129.054,2250,2250
2021-04-13 00:09:11.612000,4129.755,4129.334,2250,890
2021-04-13 00:09:11.662000,4130.052,4129.354,2250,2250
2021-04-13 00:09:15.347000,4129.761,4129.334,2250,890
2021-04-13 00:09:15.397000,4129.755,4129.045,2250,2250
2021-04-13 00:09:16.835000,4129.949,4129.046,3610,4190
2021-04-13 00:09:16.886000,4129.961,4129.239,2250,2250
2021-04-13 00:09:17.156000,4129.752,4129.249,2250,890
2021-04-13 00:09:17.206000,4129.755,4129.054,2250,2250
2021-04-13 00:09:25.340000,4129.746,4129.331,2250,890
2021-04-13 00:09:25.390000,4130.055,4129.351,2250,2250
2021-04-13 00:09:49.497000,4130.246,4129.346,3610,4190
2021-04-13 00:09:49.548000,4130.258,4129.542,2250,2250
2021-04-13 00:09:56.064000,4130.558,4129.54,3610,4190
2021-04-13 00:09:56.114000,4130.558,4129.842,2250,2250
2021-04-13 00:10:09.445000,4130.755,4129.834,3610,4190
2021-04-13 00:10:09.495000,4130.749,4130.033,2250,2250
2021-04-13 00:10:10.584000,4130.564,4130.097,2250,890
2021-04-13 00:10:10.635000,4130.561,4129.842,2250,2250
2021-04-13 00:10:11.070000,4130.767,4129.84,3610,4190
2021-04-13 00:10:11.121000,4130.701,4130.033,2250,2250
2021-04-13 00:10:11.228000,4130.755,4129.837,3610,4190
2021-04-13 00:10:11.278000,4130.549,4129.836,2250,2250
2021-04-13 00:10:13.472000,4130.549,4130.04,2250,890
2021-04-13 00:10:13.522000,4130.752,4130.048,2250,2250
2021-04-13 00:10:13.966000,4130.501,4130.037,2250,890
2021-04-13 00:10:14.016000,4130.549,4129.848,2250,2250
2021-04-13 00:10:20.697000,4130.761,4129.897,3610,4190
2021-04-13 00:10:20.748000,4130.755,4130.051,2250,2250
2021-04-13 00:10:23.191000,4131.049,4130.04,3610,4190
2021-04-13 00:10:23.242000,4131.055,4130.351,2250,2250
2021-04-13 00:10:25.235000,4130.958,4130.337,2250,890
2021-04-13 00:10:25.286000,4130.958,4130.299,2250,2250
2021-04-13 00:10:26.221000,4131.064,4130.297,3610,4190
2021-04-13 00:10:26.271000,4131.067,4130.399,2250,2250
2021-04-13 00:10:26.869000,4130.964,4130.334,2250,890
2021-04-13 00:10:26.919000,4130.946,4130.299,2250,2250
2021-04-13 00:10:27.024000,4130.755,4130.252,2250,890
2021-04-13 00:10:27.075000,4130.746,4130.045,2250,2250
2021-04-13 00:10:27.508000,4130.952,4130.037,3610,4190
2021-04-13 00:10:27.558000,4130.901,4130.299,2250,2250
2021-04-13 00:10:27.942000,4131.067,4130.234,3610,4190
2021-04-13 00:10:27.992000,4131.001,4130.399,2250,2250
2021-04-13 00:10:28.267000,4130.901,4130.337,2250,890
2021-04-13 00:10:28.317000,4130.952,4130.242,2250,2250
2021-04-13 00:10:28.428000,4130.752,4130.297,2250,890
2021-04-13 00:10:28.479000,4130.761,4130.042,2250,2250
2021-04-13 00:10:29.474000,4130.749,4130.243,2250,890
2021-04-13 00:10:29.524000,4130.949,4130.251,2250,2250
2021-04-13 00:10:29.795000,4130.761,4130.243,2250,890
2021-04-13 00:10:29.846000,4130.764,4130.033,2250,2250
2021-04-13 00:10:41.854000,4131.049,4130.031,3610,4190
2021-04-13 00:10:41.905000,4131.049,4130.336,2250,2250
2021-04-13 00:10:45.477000,4131.052,4130.249,3610,4190
2021-04-13 00:10:45.527000,4130.946,4130.245,2250,2250
2021-04-13 00:10:46.116000,4130.752,4130.237,2250,890
2021-04-13 00:10:46.166000,4130.749,4130.042,2250,2250
2021-04-13 00:11:29.046000,4131.055,4130.04,3610,4190
2021-04-13 00:11:29.097000,4131.067,4130.348,2250,2250
2021-04-13 00:11:37.858000,4131.049,4130.049,3610,4190
2021-04-13 00:11:37.909000,4130.758,4130.048,2250,2250
2021-04-13 00:11:58.284000,4131.064,4130.049,3610,4190
2021-04-13 00:11:58.334000,4131.046,4130.399,2250,2250
2021-04-13 00:12:06.664000,4131.058,4130.543,2250,890
2021-04-13 00:12:06.715000,4131.267,4130.545,2250,2250
2021-04-13 00:12:07.096000,4131.061,4130.549,2250,890
2021-04-13 00:12:07.147000,4131.049,4130.339,2250,2250
2021-04-13 00:12:21.221000,4131.161,4130.331,3610,4190
2021-04-13 00:12:21.272000,4131.155,4130.439,2250,2250
2021-04-13 00:12:21.392000,4131.101,4130.397,3610,4190
2021-04-13 00:12:21.443000,4131.058,4130.342,2250,2250
2021-04-13 00:12:21.546000,4131.158,4130.352,3610,4190
2021-04-13 00:12:21.596000,4131.101,4130.445,2250,2250
2021-04-13 00:12:22.378000,4131.061,4130.452,2250,890
2021-04-13 00:12:22.428000,4131.064,4130.345,2250,2250
2021-04-13 00:12:24.383000,4131.261,4130.352,3610,4190
2021-04-13 00:12:24.433000,4131.255,4130.542,2250,2250
2021-04-13 00:12:25.145000,4131.252,4130.397,3610,4190
2021-04-13 00:12:25.195000,4131.061,4130.336,2250,2250
2021-04-13 00:12:39.586000,4131.058,4130.049,3610,4190
2021-04-13 00:12:39.636000,4130.758,4130.042,2250,2250
2021-04-13 00:12:46.993000,4130.749,4130.346,2250,890
2021-04-13 00:12:47.043000,4131.049,4130.348,2250,2250
2021-04-13 00:12:53.873000,4131.058,4130.034,3610,4190
2021-04-13 00:12:53.923000,4130.761,4130.036,2250,2250
2021-04-13 00:12:56.535000,4130.561,4130.052,2250,890
2021-04-13 00:12:56.585000,4130.552,4129.842,2250,2250
2021-04-13 00:12:57.013000,4130.755,4129.897,3610,4190
2021-04-13 00:12:57.064000,4130.752,4130.099,2250,2250
2021-04-13 00:13:02.330000,4131.001,4130.049,3610,4190
2021-04-13 00:13:02.381000,4131.049,4130.348,2250,2250
2021-04-13 00:13:04.311000,4130.746,4130.349,2250,890
2021-04-13 00:13:04.362000,4130.749,4130.033,2250,2250
2021-04-13 00:13:13.245000,4131.046,4130.097,3610,4190
2021-04-13 00:13:13.296000,4131.058,4130.348,2250,2250
2021-04-13 00:13:22.391000,4130.952,4130.331,2250,890
2021-04-13 00:13:22.441000,4130.952,4130.254,2250,2250
2021-04-13 00:13:23.043000,4131.046,4130.24,3610,4190
2021-04-13 00:13:23.094000,4131.061,4130.351,2250,2250
2021-04-13 00:13:23.746000,4130.755,4130.397,2250,890
2021-04-13 00:13:23.796000,4130.746,4130.039,2250,2250
2021-04-13 00:13:54.069000,4130.955,4130.031,3610,4190
2021-04-13 00:13:54.119000,4130.952,4130.299,2250,2250
2021-04-13 00:13:54.319000,4131.067,4130.246,3610,4190
2021-04-13 00:13:54.369000,4131.055,4130.348,2250,2250
2021-04-13 00:13:57.743000,4131.252,4130.599,2250,2250
2021-04-13 00:14:04.833000,4131.564,4130.543,3610,4190
2021-04-13 00:14:04.883000,4131.546,4130.848,2250,2250
2021-04-13 00:14:11.490000,4131.567,4130.731,3610,4190
2021-04-13 00:14:11.541000,4131.458,4130.751,2250,2250
2021-04-13 00:14:11.963000,4131.246,4130.74,2250,890
2021-04-13 00:14:12.014000,4131.258,4130.542,2250,2250
2021-04-13 00:14:12.125000,4131.261,4130.749,2250,890
2021-04-13 00:14:12.175000,4131.446,4130.733,2250,2250
2021-04-13 00:14:12.679000,4131.452,4130.846,2250,890
2021-04-13 00:14:12.730000,4131.561,4130.845,2250,2250
2021-04-13 00:14:29.597000,4131.446,4130.831,2250,890
2021-04-13 00:14:29.648000,4131.401,4130.799,2250,2250
2021-04-13 00:14:29.764000,4131.555,4130.743,3610,4190
2021-04-13 00:14:29.814000,4131.555,4130.845,2250,2250
2021-04-13 00:14:32.156000,4131.564,4130.797,3610,4190
2021-04-13 00:14:32.206000,4131.458,4130.745,2250,2250
2021-04-13 00:14:32.314000,4131.501,4130.746,3610,4190
2021-04-13 00:14:32.365000,4131.501,4130.848,2250,2250
2021-04-13 00:14:32.994000,4131.464,4130.837,2250,890
2021-04-13 00:14:33.044000,4131.452,4130.799,2250,2250
2021-04-13 00:14:34.303000,4131.567,4130.743,3610,4190
2021-04-13 00:14:34.353000,4131.558,4130.833,2250,2250
2021-04-13 00:14:34.623000,4131.458,4130.897,2250,890
2021-04-13 00:14:34.673000,4131.464,4130.745,2250,2250
2021-04-13 00:14:34.894000,4131.446,4130.843,2250,890
2021-04-13 00:14:34.945000,4131.546,4130.836,2250,2250
2021-04-13 00:14:42.548000,4131.667,4130.852,3610,4190
2021-04-13 00:14:42.598000,4131.661,4130.951,2250,2250
2021-04-13 00:14:42.704000,4131.746,4130.94,3610,4190
2021-04-13 00:14:42.755000,4131.752,4131.036,2250,2250
2021-04-13 00:14:43.186000,4132.064,4131.037,3610,4190
2021-04-13 00:14:43.236000,4132.067,4131.345,2250,2250
2021-04-13 00:14:47.565000,4131.961,4131.331,2250,890
2021-04-13 00:14:47.615000,4131.955,4131.248,2250,2250
2021-04-13 00:14:47.728000,4131.701,4131.033,2250,2250
2021-04-13 00:14:53.061000,4131.564,4131.034,2250,890
2021-04-13 00:14:53.111000,4131.561,4130.899,2250,2250
2021-04-13 00:14:57.172000,4131.749,4130.837,3610,4190
2021-04-13 00:14:57.222000,4131.752,4131.099,2250,2250
2021-04-13 00:15:00.217000,4131.752,4130.946,3610,4190
2021-04-13 00:15:00.267000,4131.652,4130.999,2250,2250
2021-04-13 00:15:00.368000,4131.752,4130.937,3610,4190
2021-04-13 00:15:00.418000,4131.767,4131.036,2250,2250
2021-04-13 00:15:15.404000,4132.064,4131.046,3610,4190
2021-04-13 00:15:15.454000,4132.046,4131.348,2250,2250
2021-04-13 00:15:15.738000,4131.946,4131.397,2250,890
2021-04-13 00:15:15.789000,4131.967,4131.245,2250,2250
2021-04-13 00:15:15.897000,4132.052,4131.24,3610,4190
2021-04-13 00:15:15.947000,4132.049,4131.342,2250,2250
2021-04-13 00:15:25.978000,4131.761,4131.337,2250,890
2021-04-13 00:15:26.028000,4131.749,4131.099,2250,2250
2021-04-13 00:15:30.692000,4132.061,4131.097,3610,4190
2021-04-13 00:15:30.743000,4132.064,4131.354,2250,2250
2021-04-13 00:15:41.552000,4131.701,4131.397,2250,890
2021-04-13 00:15:41.602000,4131.746,4131.099,2250,2250
2021-04-13 00:15:57.267000,4131.555,4131.04,2250,890
2021-04-13 00:15:57.317000,4131.567,4130.833,2250,2250
2021-04-13 00:15:57.427000,4131.761,4130.831,3610,4190
2021-04-13 00:15:57.477000,4131.761,4131.036,2250,2250
2021-04-13 00:16:11.227000,4131.749,4131.297,2250,890
2021-04-13 00:16:11.277000,4131.952,4131.239,2250,2250
2021-04-13 00:16:11.392000,4131.967,4131.352,2250,890
2021-04-13 00:16:11.443000,4132.064,4131.354,2250,2250
2021-04-13 00:16:12.355000,4132.064,4131.052,3610,4190
2021-04-13 00:16:12.405000,4131.764,4131.039,2250,2250
2021-04-13 00:16:12.991000,4132.001,4131.097,3610,4190
2021-04-13 00:16:13.041000,4132.052,4131.354,2250,2250
2021-04-13 00:16:13.751000,4131.752,4131.334,2250,890
2021-04-13 00:16:13.801000,4131.767,4131.048,2250,2250
2021-04-13 00:16:17.608000,4131.952,4131.046,3610,4190
2021-04-13 00:16:17.659000,4131.952,4131.233,2250,2250
2021-04-13 00:16:17.770000,4131.967,4131.034,3610,4190
2021-04-13 00:16:17.820000,4131.701,4131.042,2250,2250
2021-04-13 00:16:21.198000,4132.067,4131.034,3610,4190
2021-04-13 00:16:21.248000,4132.046,4131.339,2250,2250
2021-04-13 00:16:58.086000,4131.949,4131.349,2250,890
2021-04-13 00:16:58.137000,4131.964,4131.245,2250,2250
2021-04-13 00:16:59.469000,4132.049,4131.297,3610,4190
2021-04-13 00:16:59.519000,4132.061,4131.333,2250,2250
2021-04-13 00:16:59.980000,4131.761,4131.337,2250,890
2021-04-13 00:17:00.031000,4131.701,4131.036,2250,2250
2021-04-13 00:17:00.293000,4131.767,4131.243,2250,890
2021-04-13 00:17:00.344000,4131.967,4131.299,2250,2250
2021-04-13 00:17:00.454000,4131.958,4131.334,2250,890
2021-04-13 00:17:00.505000,4132.049,4131.336,2250,2250
2021-04-13 00:17:09.448000,4131.958,4131.352,2250,890
2021-04-13 00:17:09.498000,4131.946,4131.242,2250,2250
2021-04-13 00:17:09.843000,4131.752,4131.243,2250,890
2021-04-13 00:17:09.893000,4131.755,4131.054,2250,2250
2021-04-13 00:17:18.468000,4131.649,4131.037,2250,890
2021-04-13 00:17:18.518000,4131.661,4130.939,2250,2250
2021-04-13 00:17:18.789000,4131.652,4130.849,3610,4190
2021-04-13 00:17:18.839000,4131.552,4130.899,2250,2250
2021-04-13 00:17:19.406000,4131.646,4130.84,3610,4190
2021-04-13 00:17:19.456000,4131.601,4130.942,2250,2250
2021-04-13 00:17:20.026000,4131.564,4130.949,2250,890
2021-04-13 00:17:20.076000,4131.501,4130.854,2250,2250
2021-04-13 00:17:43.946000,4131.701,4130.849,3610,4190
2021-04-13 00:17:43.996000,4131.701,4131.048,2250,2250
2021-04-13 00:18:00.994000,4131.752,4131.397,2250,890
2021-04-13 00:18:01.044000,4132.061,4131.351,2250,2250
2021-04-13 00:18:01.472000,4131.758,4131.343,2250,890
2021-04-13 00:18:01.523000,4131.752,4131.042,2250,2250
2021-04-13 00:18:23.768000,4131.501,4131.046,2250,890
2021-04-13 00:18:23.819000,4131.555,4130.899,2250,2250
2021-04-13 00:18:23.930000,4131.755,4130.837,3610,4190
2021-04-13 00:18:23.980000,4131.746,4131.048,2250,2250
2021-04-13 00:18:41.410000,4131.558,4131.034,2250,890
2021-04-13 00:18:41.461000,4131.567,4130.851,2250,2250
2021-04-13 00:18:52.540000,4131.464,4130.852,2250,890
2021-04-13 00:18:52.590000,4131.461,4130.733,2250,2250
2021-04-13 00:18:54.359000,4131.267,4130.749,2250,890
2021-04-13 00:18:54.410000,4131.252,4130.599,2250,2250
2021-04-13 00:18:54.843000,4131.467,4130.549,3610,4190
2021-04-13 00:18:54.893000,4131.449,4130.745,2250,2250
2021-04-13 00:18:55.001000,4131.255,4130.74,2250,890
2021-04-13 00:18:55.051000,4131.267,4130.545,2250,2250
2021-04-13 00:18:55.727000,4131.558,4130.546,3610,4190
2021-04-13 00:18:55.777000,4131.552,4130.851,2250,2250
2021-04-13 00:18:58.792000,4131.461,4130.834,2250,890
2021-04-13 00:18:58.842000,4131.452,4130.799,2250,2250
2021-04-13 00:18:59.112000,4131.567,4130.734,3610,4190
2021-04-13 00:18:59.162000,4131.567,4130.836,2250,2250
2021-04-13 00:18:59.288000,4131.455,4130.846,2250,890
2021-04-13 00:18:59.338000,4131.449,4130.748,2250,2250
2021-04-13 00:18:59.448000,4131.564,4130.749,3610,4190
2021-04-13 00:18:59.499000,4131.552,4130.899,2250,2250
2021-04-13 00:19:00.089000,4131.458,4130.837,2250,890
2021-04-13 00:19:00.139000,4131.401,4130.754,2250,2250
2021-04-13 00:19:00.249000,4131.549,4130.737,3610,4190
2021-04-13 00:19:00.299000,4131.564,4130.851,2250,2250
2021-04-13 00:19:00.570000,4131.249,4130.846,2250,890
2021-04-13 00:19:00.621000,4131.261,4130.533,2250,2250
2021-04-13 00:19:00.890000,4131.564,4130.546,3610,4190
2021-04-13 00:19:00.941000,4131.561,4130.842,2250,2250
2021-04-13 00:19:01.822000,4131.446,4130.834,2250,890
2021-04-13 00:19:01.872000,4131.467,4130.733,2250,2250
2021-04-13 00:19:02.120000,4131.458,4130.597,3610,4190
2021-04-13 00:19:02.170000,4131.201,4130.548,2250,2250
2021-04-13 00:19:07.231000,4131.549,4130.842,2250,2250
2021-04-13 00:19:07.389000,4131.464,4130.849,2250,890
2021-04-13 00:19:07.440000,4131.449,4130.799,2250,2250
2021-04-13 00:19:07.902000,4131.446,4130.831,2250,890
2021-04-13 00:19:07.952000,4131.567,4130.842,2250,2250
2021-04-13 00:19:08.058000,4131.449,4130.843,2250,890
2021-04-13 00:19:08.108000,4131.449,4130.733,2250,2250
2021-04-13 00:19:08.218000,4131.546,4130.74,3610,4190
2021-04-13 00:19:08.269000,4131.549,4130.899,2250,2250
2021-04-13 00:19:29.285000,4131.546,4130.552,3610,4190
2021-04-13 00:19:29.335000,4131.267,4130.554,2250,2250
2021-04-13 00:19:30.081000,4131.461,4130.549,3610,4190
2021-04-13 00:19:30.131000,4131.467,4130.745,2250,2250
2021-04-13 00:19:30.627000,4131.558,4130.797,3610,4190
2021-04-13 00:19:30.677000,4131.546,4130.842,2250,2250
2021-04-13 00:19:31.914000,4131.264,4130.837,2250,890
2021-04-13 00:19:31.964000,4131.258,4130.539,2250,2250
2021-04-13 00:19:40.013000,4131.146,4130.537,2250,890
2021-04-13 00:19:40.064000,4131.101,4130.445,2250,2250
2021-04-13 00:19:40.171000,4131.258,4130.44,3610,4190
2021-04-13 00:19:40.221000,4131.246,4130.548,2250,2250
2021-04-13 00:19:40.492000,4131.149,4130.597,2250,890
2021-04-13 00:19:40.543000,4131.155,4130.433,2250,2250
2021-04-13 00:19:41.341000,4131.058,4130.449,2250,890
2021-04-13 00:19:41.392000,4131.052,4130.354,2250,2250
2021-04-13 00:19:51.036000,4130.764,4130.352,2250,890
2021-04-13 00:19:51.086000,4130.767,4130.099,2250,2250
2021-04-13 00:19:58.338000,4130.555,4130.043,2250,890
2021-04-13 00:19:58.388000,4130.552,4129.899,2250,2250
2021-04-13 00:20:03.090000,4130.749,4130.036,2250,2250
2021-04-13 00:20:03.247000,4130.701,4129.952,3610,4190
2021-04-13 00:20:03.297000,4130.601,4129.936,2250,2250
2021-04-13 00:20:03.407000,4130.549,4129.937,2250,890
2021-04-13 00:20:03.457000,4130.558,4129.845,2250,2250
2021-04-13 00:20:05.685000,4130.746,4129.843,3610,4190
2021-04-13 00:20:05.736000,4130.746,4130.045,2250,2250
2021-04-13 00:20:06.522000,4130.561,4130.04,2250,890
2021-04-13 00:20:06.573000,4130.552,4129.836,2250,2250
2021-04-13 00:20:06.682000,4130.655,4129.846,3610,4190
2021-04-13 00:20:06.732000,4130.649,4129.948,2250,2250
2021-04-13 00:20:07.097000,4130.701,4129.943,3610,4190
2021-04-13 00:20:07.147000,4130.749,4130.033,2250,2250
2021-04-13 00:20:07.259000,4130.555,4129.842,2250,2250
2021-04-13 00:20:08.027000,4130.749,4129.837,3610,4190
2021-04-13 00:20:08.077000,4130.767,4130.099,2250,2250
2021-04-13 00:20:10.915000,4130.661,4130.043,2250,890
2021-04-13 00:20:10.965000,4130.652,4129.948,2250,2250
2021-04-13 00:20:11.756000,4130.701,4129.946,3610,4190
2021-04-13 00:20:11.807000,4130.755,4130.039,2250,2250
2021-04-13 00:20:13.363000,4130.649,4130.052,2250,890
2021-04-13 00:20:13.413000,4130.652,4129.945,2250,2250
2021-04-13 00:20:14.336000,4130.749,4129.946,3610,4190
2021-04-13 00:20:14.386000,4130.758,4130.051,2250,2250
2021-04-13 00:20:15.276000,4130.564,4130.043,2250,890
2021-04-13 00:20:15.326000,4130.552,4129.851,2250,2250
2021-04-13 00:20:16.776000,4130.667,4129.843,3610,4190
2021-04-13 00:20:16.827000,4130.655,4129.933,2250,2250
2021-04-13 00:20:17.310000,4130.755,4129.949,3610,4190
2021-04-13 00:20:17.361000,4130.746,4130.099,2250,2250
2021-04-13 00:20:17.477000,4130.755,4129.937,3610,4190
2021-04-13 00:20:17.527000,4130.601,4129.936,2250,2250
2021-04-13 00:20:17.792000,4130.755,4129.943,3610,4190
2021-04-13 00:20:17.842000,4130.764,4130.033,2250,2250
2021-04-13 00:20:18.569000,4130.552,4130.046,2250,890
2021-04-13 00:20:18.619000,4130.552,4129.851,2250,2250
2021-04-13 00:20:18.950000,4130.767,4129.843,3610,4190
2021-04-13 00:20:19.000000,4130.761,4130.045,2250,2250
2021-04-13 00:20:38.011000,4131.058,4130.043,3610,4190
2021-04-13 00:20:38.061000,4131.058,4130.342,2250,2250
2021-04-13 00:20:46.864000,4131.255,4130.34,3610,4190
2021-04-13 00:20:46.914000,4131.246,4130.548,2250,2250
2021-04-13 00:21:10.608000,4131.067,4130.531,2250,890
2021-04-13 00:21:10.658000,4131.058,4130.354,2250,2250
2021-04-13 00:21:21.314000,4130.761,4130.352,2250,890
2021-04-13 00:21:21.365000,4130.752,4130.036,2250,2250
2021-04-13 00:21:32.638000,4131.067,4130.043,3610,4190
2021-04-13 00:21:32.689000,4131.046,4130.339,2250,2250
2021-04-13 00:22:01.803000,4130.749,4130.352,2250,890
2021-04-13 00:22:01.854000,4130.761,4130.054,2250,2250
2021-04-13 00:22:26.877000,4130.549,4130.034,2250,890
2021-04-13 00:22:26.927000,4130.555,4129.836,2250,2250
2021-04-13 00:22:37.964000,4130.746,4129.897,3610,4190
2021-04-13 00:22:38.015000,4130.764,4130.099,2250,2250
2021-04-13 00:22:38.136000,4130.658,4130.034,2250,890
2021-04-13 00:22:38.186000,4130.658,4129.945,2250,2250
2021-04-13 00:22:38.289000,4130.755,4129.934,3610,4190
2021-04-13 00:22:38.339000,4130.746,4130.033,2250,2250
2021-04-13 00:22:39.416000,4130.564,4129.836,2250,2250
2021-04-13 00:22:40.918000,4130.661,4129.852,3610,4190
2021-04-13 00:22:40.969000,4130.655,4129.942,2250,2250
2021-04-13 00:22:41.078000,4130.758,4129.949,3610,4190
2021-04-13 00:22:41.129000,4130.758,4130.051,2250,2250
2021-04-13 00:22:41.461000,4130.758,4129.846,3610,4190
2021-04-13 00:22:41.512000,4130.501,4129.839,2250,2250
2021-04-13 00:23:19.036000,4130.201,4129.846,2250,890
2021-04-13 00:23:19.086000,4130.255,4129.554,2250,2250
2021-04-13 00:23:28.777000,4130.049,4129.549,2250,890
2021-04-13 00:23:28.827000,4130.001,4129.351,2250,2250
2021-04-13 00:23:42.477000,4130.046,4129.04,3610,4190
2021-04-13 00:23:42.527000,4129.755,4129.048,2250,2250
2021-04-13 00:23:46.925000,4130.055,4129.097,3610,4190
2021-04-13 00:23:46.975000,4130.046,4129.345,2250,2250
2021-04-13 00:23:47.405000,4129.964,4129.397,2250,890
2021-04-13 00:23:47.455000,4129.901,4129.248,2250,2250
2021-04-13 00:23:47.565000,4130.058,4129.252,3610,4190
2021-04-13 00:23:47.616000,4130.067,4129.336,2250,2250
2021-04-13 00:23:47.885000,4129.946,4129.346,2250,890
2021-04-13 00:23:47.935000,4129.967,4129.245,2250,2250
2021-04-13 00:23:48.332000,4129.764,4129.249,2250,890
2021-04-13 00:23:48.383000,4129.752,4129.099,2250,2250
2021-04-13 00:23:54.319000,4129.701,4129.349,2250,890
2021-04-13 00:23:54.369000,4130.058,4129.342,2250,2250
2021-04-13 00:24:01.158000,4129.749,4129.331,2250,890
2021-04-13 00:24:01.208000,4129.755,4129.048,2250,2250
2021-04-13 00:24:02.057000,4129.952,4129.046,3610,4190
2021-04-13 00:24:02.108000,4129.955,4129.233,2250,2250
2021-04-13 00:24:02.685000,4130.049,4129.246,3610,4190
2021-04-13 00:24:02.735000,4130.052,4129.354,2250,2250
2021-04-13 00:24:30.025000,4129.701,4129.331,2250,890
2021-04-13 00:24:30.076000,4129.752,4129.054,2250,2250
2021-04-13 00:25:12.258000,4129.755,4129.334,2250,890
2021-04-13 00:25:12.308000,4130.067,4129.336,2250,2250
2021-04-13 00:25:12.420000,4130.052,4129.049,3610,4190
2021-04-13 00:25:12.470000,4129.764,4129.045,2250,2250
2021-04-13 00:25:50.404000,4129.249,4129.043,2250,890
2021-04-13 00:25:50.455000,4129.261,4128.599,2250,2250
2021-04-13 00:25:50.725000,4129.567,4128.543,3610,4190
2021-04-13 00:25:50.776000,4129.546,4128.845,2250,2250
2021-04-13 00:25:51.043000,4129.258,4128.849,2250,890
2021-04-13 00:25:51.093000,4129.252,4128.599,2250,2250
2021-04-13 00:25:53.573000,4129.564,4128.537,3610,4190
2021-04-13 00:25:53.624000,4129.555,4128.848,2250,2250
2021-04-13 00:26:04.727000,4129.549,4129.052,2250,890
2021-04-13 00:26:04.777000,4129.752,4129.099,2250,2250
2021-04-13 00:26:06.834000,4130.001,4129.046,3610,4190
2021-04-13 00:26:06.884000,4130.061,4129.336,2250,2250
2021-04-13 00:26:07.448000,4129.767,4129.34,2250,890
2021-04-13 00:26:07.498000,4129.764,4129.033,2250,2250
2021-04-13 00:26:13.600000,4130.052,4129.052,3610,4190
2021-04-13 00:26:13.650000,4130.049,4129.339,2250,2250
2021-04-13 00:26:14.897000,4130.249,4129.397,3610,4190
2021-04-13 00:26:14.947000,4130.261,4129.533,2250,2250
2021-04-13 00:26:17.451000,4130.261,4129.831,2250,890
2021-04-13 00:26:17.502000,4130.501,4129.899,2250,2250
2021-04-13 00:26:21.397000,4130.261,4129.837,2250,890
2021-04-13 00:26:21.447000,4130.246,4129.545,2250,2250
2021-04-13 00:26:26.789000,4130.455,4129.54,3610,4190
2021-04-13 00:26:26.840000,4130.464,4129.799,2250,2250
2021-04-13 00:26:26.950000,4130.252,4129.731,2250,890
2021-04-13 00:26:27.000000,4130.249,4129.536,2250,2250
2021-04-13 00:26:31.817000,4130.201,4129.831,2250,890
2021-04-13 00:26:31.867000,4130.501,4129.899,2250,2250
2021-04-13 00:26:37.430000,4130.661,4129.897,3610,4190
2021-04-13 00:26:37.481000,4130.661,4129.939,2250,2250
2021-04-13 00:26:37.914000,4130.767,4129.943,3610,4190
2021-04-13 00:26:37.964000,4130.752,4130.042,2250,2250
2021-04-13 00:26:42.032000,4130.746,4129.846,3610,4190
2021-04-13 00:26:42.082000,4130.555,4129.848,2250,2250
2021-04-13 00:26:46.328000,4130.761,4129.897,3610,4190
2021-04-13 00:26:46.379000,4130.761,4130.033,2250,2250
2021-04-13 00:26:56.855000,4131.052,4130.031,3610,4190
2021-04-13 00:26:56.905000,4131.064,4130.339,2250,2250
2021-04-13 00:26:58.207000,4130.958,4130.334,2250,890
2021-04-13 00:26:58.257000,4130.955,4130.236,2250,2250
2021-04-13 00:26:58.365000,4130.752,4130.243,2250,890
2021-04-13 00:26:58.415000,4130.758,4130.099,2250,2250
2021-04-13 00:27:11.159000,4130.501,4130.04,2250,890
2021-04-13 00:27:11.209000,4130.546,4129.836,2250,2250
2021-04-13 00:27:18.212000,4130.755,4129.843,3610,4190
2021-04-13 00:27:18.263000,4130.767,4130.045,2250,2250
2021-04-13 00:27:18.979000,4130.546,4130.037,2250,890
2021-04-13 00:27:19.029000,4130.501,4129.839,2250,2250
2021-04-13 00:27:20.170000,4130.767,4129.831,3610,4190
2021-04-13 00:27:20.220000,4130.758,4130.042,2250,2250
2021-04-13 00:28:00.239000,4130.501,4130.037,2250,890
2021-04-13 00:28:00.290000,4130.546,4129.833,2250,2250
2021-04-13 00:28:00.843000,4130.758,4129.84,3610,4190
2021-04-13 00:28:00.893000,4130.755,4130.033,2250,2250
2021-04-13 00:28:19.622000,4130.964,4130.097,3610,4190
2021-04-13 00:28:19.672000,4130.961,4130.248,2250,2250
2021-04-13 00:28:19.787000,4130.964,4130.337,2250,890
2021-04-13 00:28:19.837000,4131.064,4130.348,2250,2250
2021-04-13 00:28:37.994000,4131.264,4130.349,3610,4190
2021-04-13 00:28:38.045000,4131.255,4130.539,2250,2250
2021-04-13 00:28:39.351000,4131.158,4130.534,2250,890
2021-04-13 00:28:39.401000,4131.167,4130.448,2250,2250
2021-04-13 00:28:39.934000,4131.055,4130.446,2250,890
2021-04-13 00:28:39.984000,4131.061,4130.336,2250,2250
2021-04-13 00:28:48.276000,4131.264,4130.334,3610,4190
2021-04-13 00:28:48.326000,4131.261,4130.554,2250,2250
2021-04-13 00:28:48.763000,4131.046,4130.531,2250,890
2021-04-13 00:28:48.813000,4131.001,4130.336,2250,2250
2021-04-13 00:29:00.587000,4131.061,4130.234,3610,4190
2021-04-13 00:29:00.638000,4130.901,4130.251,2250,2250
2021-04-13 00:29:00.886000,4130.764,4130.249,2250,890
2021-04-13 00:29:00.937000,4130.767,4130.099,2250,2250
2021-04-13 00:29:03.460000,4131.049,4130.049,3610,4190
2021-04-13 00:29:03.510000,4131.049,4130.336,2250,2250
2021-04-13 00:29:28.112000,4131.067,4130.046,3610,4190
2021-04-13 00:29:28.162000,4130.767,4130.054,2250,2250
2021-04-13 00:29:35.635000,4130.558,4130.037,2250,890
2021-04-13 00:29:35.686000,4130.501,4129.842,2250,2250
2021-04-13 00:29:38.769000,4130.255,4129.831,2250,890
2021-04-13 00:29:38.820000,4130.267,4129.545,2250,2250
2021-04-13 00:29:46.635000,4130.558,4129.549,3610,4190
2021-04-13 00:29:46.685000,4130.552,4129.842,2250,2250
2021-04-13 00:30:00.401000,4130.549,4130.031,2250,890
2021-04-13 00:30:00.451000,4130.752,4130.039,2250,2250
2021-04-13 00:30:18.157000,4131.058,4130.04,3610,4190
2021-04-13 00:30:18.207000,4131.055,4130.399,2250,2250
2021-04-13 00:30:20.687000,4130.961,4130.352,2250,890
2021-04-13 00:30:20.738000,4130.961,4130.245,2250,2250
2021-04-13 00:30:25.125000,4131.055,4130.24,3610,4190
2021-04-13 00:30:25.176000,4131.052,4130.333,2250,2250
2021-04-13 00:30:25.658000,4130.949,4130.352,2250,890
2021-04-13 00:30:25.709000,4130.952,4130.242,2250,2250
2021-04-13 00:30:25.818000,4130.764,4130.234,2250,890
2021-04-13 00:30:25.869000,4130.701,4130.033,2250,2250
2021-04-13 00:30:28.827000,4130.964,4130.046,3610,4190
2021-04-13 00:30:28.877000,4130.949,4130.245,2250,2250
2021-04-13 00:30:28.986000,4131.052,4130.243,3610,4190
2021-04-13 00:30:29.037000,4131.049,4130.345,2250,2250
2021-04-13 00:30:39.958000,4130.764,4130.343,2250,890
2021-04-13 00:30:40.009000,4130.767,4130.042,2250,2250
2021-04-13 00:30:40.119000,4130.955,4130.037,3610,4190
2021-04-13 00:30:40.170000,4130.949,4130.242,2250,2250
2021-04-13 00:30:40.947000,4131.052,4130.243,3610,4190
2021-04-13 00:30:40.997000,4131.064,4130.354,2250,2250
2021-04-13 00:30:44.703000,4130.764,4130.331,2250,890
2021-04-13 00:30:44.754000,4130.758,4130.042,2250,2250
2021-04-13 00:31:12.644000,4130.767,4130.234,2250,890
2021-04-13 00:31:12.694000,4130.901,4130.245,2250,2250
2021-04-13 00:31:12.802000,4130.946,4130.334,2250,890
2021-04-13 00:31:12.852000,4131.001,4130.345,2250,2250
2021-04-13 00:31:25.175000,4130.958,4130.397,2250,890
2021-04-13 00:31:25.225000,4130.961,4130.242,2250,2250
2021-04-13 00:31:25.334000,4131.058,4130.243,3610,4190
2021-04-13 00:31:25.385000,4131.058,4130.345,2250,2250
2021-04-13 00:31:26.416000,4130.764,4130.397,2250,890
2021-04-13 00:31:26.466000,4130.746,4130.042,2250,2250
2021-04-13 00:31:41.843000,4131.067,4130.043,3610,4190
2021-04-13 00:31:41.893000,4131.058,4130.339,2250,2250
2021-04-13 00:31:54.862000,4130.901,4130.34,2250,890
2021-04-13 00:31:54.912000,4130.901,4130.245,2250,2250
2021-04-13 00:31:55.284000,4131.058,4130.24,3610,4190
2021-04-13 00:31:55.334000,4131.061,4130.348,2250,2250
2021-04-13 00:31:55.925000,4130.967,4130.343,2250,890
2021-04-13 00:31:55.975000,4130.901,4130.245,2250,2250
2021-04-13 00:31:56.391000,4131.064,4130.297,3610,4190
2021-04-13 00:31:56.441000,4131.049,4130.348,2250,2250
2021-04-13 00:32:01.227000,4130.761,4130.334,2250,890
2021-04-13 00:32:01.277000,4130.764,4130.033,2250,2250
2021-04-13 00:32:05.652000,4131.001,4130.097,3610,4190
2021-04-13 00:32:05.703000,4131.067,4130.342,2250,2250
2021-04-13 00:32:37.781000,4131.058,4130.597,2250,890
2021-04-13 00:32:37.831000,4131.258,4130.542,2250,2250
2021-04-13 00:32:51.594000,4131.152,4130.543,2250,890
2021-04-13 00:32:51.645000,4131.152,4130.454,2250,2250
2021-04-13 00:32:51.971000,4131.249,4130.44,3610,4190
2021-04-13 00:32:52.021000,4131.201,4130.542,2250,2250
2021-04-13 00:32:58.171000,4131.058,4130.531,2250,890
2021-04-13 00:32:58.222000,4131.067,4130.345,2250,2250
2021-04-13 00:33:02.401000,4131.258,4130.337,3610,4190
2021-04-13 00:33:02.451000,4131.258,4130.545,2250,2250
2021-04-13 00:33:04.194000,4131.101,4130.54,2250,890
2021-04-13 00:33:04.245000,4131.161,4130.499,2250,2250
2021-04-13 00:33:07.048000,4131.255,4130.44,3610,4190
2021-04-13 00:33:07.098000,4131.267,4130.599,2250,2250
2021-04-13 00:33:07.389000,4131.161,4130.54,2250,890
2021-04-13 00:33:07.439000,4131.167,4130.499,2250,2250
2021-04-13 00:33:07.548000,4131.055,4130.44,2250,890
2021-04-13 00:33:07.598000,4131.058,4130.336,2250,2250
2021-04-13 00:33:07.708000,4131.146,4130.397,3610,4190
2021-04-13 00:33:07.758000,4131.158,4130.454,2250,2250
2021-04-13 00:33:08.126000,4131.201,4130.452,3610,4190
2021-04-13 00:33:08.176000,4131.246,4130.551,2250,2250
2021-04-13 00:33:19.872000,4131.061,4130.534,2250,890
2021-04-13 00:33:19.923000,4131.061,4130.342,2250,2250
2021-04-13 00:33:53.919000,4131.058,4130.097,3610,4190
2021-04-13 00:33:53.969000,4130.764,4130.054,2250,2250
2021-04-13 00:33:54.077000,4130.555,4130.097,2250,890
2021-04-13 00:33:54.128000,4130.555,4129.854,2250,2250
2021-04-13 00:34:02.267000,4130.555,4130.04,2250,890
2021-04-13 00:34:02.317000,4130.758,4130.039,2250,2250
2021-04-13 00:34:15.542000,4130.758,4129.843,3610,4190
2021-04-13 00:34:15.592000,4130.501,4129.851,2250,2250
2021-04-13 00:35:06.077000,4130.767,4129.897,3610,4190
2021-04-13 00:35:06.127000,4130.746,4130.042,2250,2250
2021-04-13 00:35:06.238000,4130.558,4130.034,2250,890
2021-04-13 00:35:06.288000,4130.561,4129.851,2250,2250
2021-04-13 00:35:18.101000,4130.767,4129.837,3610,4190
2021-04-13 00:35:18.152000,4130.755,4130.048,2250,2250
2021-04-13 00:35:19.657000,4130.664,4130.043,2250,890
2021-04-13 00:35:19.707000,4130.652,4129.951,2250,2250
2021-04-13 00:35:19.817000,4130.755,4129.934,3610,4190
2021-04-13 00:35:19.867000,4130.749,4130.045,2250,2250
2021-04-13 00:35:20.237000,4130.567,4130.04,2250,890
2021-04-13 00:35:20.287000,4130.558,4129.836,2250,2250
2021-04-13 00:35:23.397000,4130.749,4129.84,3610,4190
2021-04-13 00:35:23.447000,4130.758,4130.033,2250,2250
2021-04-13 00:35:28.184000,4130.564,4130.034,2250,890
2021-04-13 00:35:28.234000,4130.558,4129.851,2250,2250
2021-04-13 00:35:31.540000,4130.561,4130.04,2250,890
2021-04-13 00:35:31.590000,4130.764,4130.099,2250,2250
2021-04-13 00:35:31.858000,4130.601,4130.046,2250,890
2021-04-13 00:35:31.909000,4130.661,4129.999,2250,2250
2021-04-13 00:35:34.185000,4130.701,4129.937,3610,4190
2021-04-13 00:35:34.235000,4130.758,4130.099,2250,2250
2021-04-13 00:35:46.122000,4130.555,4130.031,2250,890
2021-04-13 00:35:46.173000,4130.558,4129.842,2250,2250
2021-04-13 00:35:46.280000,4130.746,4129.849,3610,4190
2021-04-13 00:35:46.331000,4130.761,4130.042,2250,2250
2021-04-13 00:36:27.754000,4130.546,4130.034,2250,890
2021-04-13 00:36:27.804000,4130.546,4129.854,2250,2250
2021-04-13 00:36:32.856000,4130.755,4129.837,3610,4190
2021-04-13 00:36:32.906000,4130.752,4130.033,2250,2250
2021-04-13 00:36:44.410000,4130.601,4130.034,2250,890
2021-04-13 00:36:44.460000,4130.664,4129.942,2250,2250
2021-04-13 00:36:45.685000,4130.764,4129.937,3610,4190
2021-04-13 00:36:45.736000,4130.701,4130.039,2250,2250
2021-04-13 00:36:51.626000,4130.549,4130.097,2250,890
2021-04-13 00:36:51.676000,4130.558,4129.854,2250,2250
2021-04-13 00:38:16.090000,4130.264,4129.843,2250,890
2021-04-13 00:38:16.140000,4130.252,4129.545,2250,2250
2021-04-13 00:39:24.643000,4130.052,4129.543,2250,890
2021-04-13 00:39:24.693000,4130.001,4129.348,2250,2250
2021-04-13 00:39:27.970000,4130.255,4129.349,3610,4190
2021-04-13 00:39:28.021000,4130.261,4129.554,2250,2250
2021-04-13 00:39:29.166000,4130.058,4129.531,2250,890
2021-04-13 00:39:29.236000,4130.001,4129.348,2250,2250
2021-04-13 00:39:42.228000,4130.267,4129.352,3610,4190
2021-04-13 00:39:42.278000,4130.267,4129.539,2250,2250
2021-04-13 00:40:07.916000,4130.558,4129.597,3610,4190
2021-04-13 00:40:07.966000,4130.567,4129.899,2250,2250
2021-04-13 00:41:17.664000,4130.746,4129.897,3610,4190
2021-04-13 00:41:17.714000,4130.746,4130.051,2250,2250
2021-04-13 00:42:20.916000,4131.052,4130.043,3610,4190
2021-04-13 00:42:20.967000,4131.052,4130.339,2250,2250
2021-04-13 00:42:39.089000,4130.752,4130.397,2250,890
2021-04-13 00:42:39.140000,4130.761,4130.051,2250,2250
2021-04-13 00:42:41.913000,4131.001,4130.049,3610,4190
2021-04-13 00:42:41.963000,4131.064,4130.342,2250,2250
2021-04-13 00:42:52.226000,4130.767,4130.343,2250,890
2021-04-13 00:42:52.277000,4130.749,4130.048,2250,2250
2021-04-13 00:43:16.078000,4130.564,4130.097,2250,890
2021-04-13 00:43:16.128000,4130.552,4129.848,2250,2250
2021-04-13 00:43:17.878000,4130.467,4129.843,2250,890
2021-04-13 00:43:17.929000,4130.461,4129.739,2250,2250
2021-04-13 00:43:19.854000,4130.201,4129.746,2250,890
2021-04-13 00:43:19.904000,4130.255,4129.533,2250,2250
2021-04-13 00:43:30.065000,4130.461,4129.543,3610,4190
2021-04-13 00:43:30.116000,4130.452,4129.751,2250,2250
2021-04-13 00:43:31.159000,4130.249,4129.746,2250,890
2021-04-13 00:43:31.209000,4130.246,4129.545,2250,2250
2021-04-13 00:43:31.478000,4130.458,4129.543,3610,4190
2021-04-13 00:43:31.528000,4130.458,4129.748,2250,2250
2021-04-13 00:43:31.637000,4130.501,4129.743,3610,4190
2021-04-13 00:43:31.687000,4130.552,4129.833,2250,2250
2021-04-13 00:43:33.135000,4130.467,4129.897,2250,890
2021-04-13 00:43:33.186000,4130.446,4129.799,2250,2250
2021-04-13 00:43:33.295000,4130.567,4129.797,3610,4190
2021-04-13 00:43:33.346000,4130.558,4129.851,2250,2250
2021-04-13 00:43:34.297000,4130.201,4129.837,2250,890
2021-04-13 00:43:34.347000,4130.252,4129.551,2250,2250
2021-04-13 00:43:36.981000,4130.501,4129.552,3610,4190
2021-04-13 00:43:37.031000,4130.555,4129.845,2250,2250
2021-04-13 00:43:46.055000,4130.452,4129.849,2250,890
2021-04-13 00:43:46.105000,4130.401,4129.754,2250,2250
2021-04-13 00:43:46.283000,4130.446,4129.552,3610,4190
2021-04-13 00:43:46.333000,4130.255,4129.539,2250,2250
2021-04-13 00:43:46.442000,4130.446,4129.546,3610,4190
2021-04-13 00:43:46.492000,4130.401,4129.736,2250,2250
2021-04-13 00:43:47.548000,4130.567,4129.734,3610,4190
2021-04-13 00:43:47.598000,4130.501,4129.842,2250,2250
2021-04-13 00:43:48.164000,4130.452,4129.831,2250,890
2021-04-13 00:43:48.214000,4130.449,4129.799,2250,2250
2021-04-13 00:43:49.241000,4130.555,4129.734,3610,4190
2021-04-13 00:43:49.291000,4130.558,4129.845,2250,2250
2021-04-13 00:43:58.308000,4130.552,4129.749,3610,4190
2021-04-13 00:43:58.359000,4130.464,4129.739,2250,2250
2021-04-13 00:43:58.469000,4130.252,4129.74,2250,890
2021-04-13 00:43:58.519000,4130.255,4129.599,2250,2250
2021-04-13 00:44:02.850000,4130.549,4129.54,3610,4190
2021-04-13 00:44:02.900000,4130.567,4129.848,2250,2250
2021-04-13 00:44:03.172000,4130.461,4129.897,2250,890
2021-04-13 00:44:03.223000,4130.401,4129.736,2250,2250
2021-04-13 00:44:05.175000,4130.252,4129.752,2250,890
2021-04-13 00:44:05.226000,4130.255,4129.542,2250,2250
2021-04-13 00:44:05.833000,4130.561,4129.537,3610,4190
2021-04-13 00:44:05.884000,4130.546,4129.854,2250,2250
2021-04-13 00:44:06.144000,4130.449,4129.852,2250,890
2021-04-13 00:44:06.194000,4130.446,4129.742,2250,2250
2021-04-13 00:44:06.802000,4130.558,4129.74,3610,4190
2021-04-13 00:44:06.853000,4130.501,4129.839,2250,2250
2021-04-13 00:44:08.304000,4130.464,4129.831,2250,890
2021-04-13 00:44:08.355000,4130.446,4129.742,2250,2250
2021-04-13 00:44:08.814000,4130.564,4129.746,3610,4190
2021-04-13 00:44:08.865000,4130.561,4129.899,2250,2250
2021-04-13 00:44:09.216000,4130.449,4129.834,2250,890
2021-04-13 00:44:09.266000,4130.449,4129.748,2250,2250
2021-04-13 00:44:10.303000,4130.501,4129.734,3610,4190
2021-04-13 00:44:10.353000,4130.558,4129.854,2250,2250
2021-04-13 00:44:28.515000,4130.464,4129.897,2250,890
2021-04-13 00:44:28.566000,4130.452,4129.748,2250,2250
2021-04-13 00:44:33.531000,4130.552,4129.797,3610,4190
2021-04-13 00:44:33.582000,4130.564,4129.899,2250,2250
2021-04-13 00:44:35.207000,4130.464,4129.897,2250,890
2021-04-13 00:44:35.257000,4130.455,4129.733,2250,2250
2021-04-13 00:44:36.498000,4130.561,4129.743,3610,4190
2021-04-13 00:44:36.548000,4130.555,4129.899,2250,2250
2021-04-13 00:44:37.955000,4130.449,4129.852,2250,890
2021-04-13 00:44:38.005000,4130.458,4129.751,2250,2250
2021-04-13 00:44:40.104000,4130.258,4129.797,2250,890
2021-04-13 00:44:40.154000,4130.267,4129.539,2250,2250
2021-04-13 00:44:41.530000,4130.549,4129.543,3610,4190
2021-04-13 00:44:41.580000,4130.561,4129.854,2250,2250
2021-04-13 00:44:41.689000,4130.246,4129.831,2250,890
2021-04-13 00:44:41.740000,4130.261,4129.536,2250,2250
2021-04-13 00:44:41.848000,4130.449,4129.534,3610,4190
2021-04-13 00:44:41.898000,4130.458,4129.739,2250,2250
2021-04-13 00:44:43.761000,4130.201,4129.797,2250,890
2021-04-13 00:44:43.811000,4130.255,4129.536,2250,2250
2021-04-13 00:45:13.305000,4130.464,4129.597,3610,4190
2021-04-13 00:45:13.355000,4130.449,4129.799,2250,2250
2021-04-13 00:45:13.466000,4130.552,4129.74,3610,4190
2021-04-13 00:45:13.517000,4130.549,4129.836,2250,2250
2021-04-13 00:45:20.531000,4130.446,4129.834,2250,890
2021-04-13 00:45:20.581000,4130.467,4129.742,2250,2250
2021-04-13 00:45:20.693000,4130.249,4129.734,2250,890
2021-04-13 00:45:20.743000,4130.258,4129.536,2250,2250
2021-04-13 00:45:31.831000,4130.167,4129.54,2250,890
2021-04-13 00:45:31.881000,4130.155,4129.439,2250,2250
2021-04-13 00:45:32.609000,4130.267,4129.497,3610,4190
2021-04-13 00:45:32.659000,4130.252,4129.539,2250,2250
2021-04-13 00:45:32.929000,4130.058,4129.549,2250,890
2021-04-13 00:45:32.980000,4130.064,4129.348,2250,2250
2021-04-13 00:45:33.754000,4130.255,4129.337,3610,4190
2021-04-13 00:45:33.805000,4130.246,4129.545,2250,2250
2021-04-13 00:45:36.030000,4130.152,4129.546,2250,890
2021-04-13 00:45:36.080000,4130.155,4129.442,2250,2250
2021-04-13 00:45:36.432000,4130.049,4129.431,2250,890
2021-04-13 00:45:36.482000,4130.064,4129.333,2250,2250
2021-04-13 00:45:49.811000,4129.746,4129.343,2250,890
2021-04-13 00:45:49.861000,4129.701,4129.042,2250,2250
2021-04-13 00:45:56.530000,4129.558,4129.046,2250,890
2021-04-13 00:45:56.580000,4129.567,4128.851,2250,2250
2021-04-13 00:45:57.515000,4129.752,4128.897,3610,4190
2021-04-13 00:45:57.566000,4129.758,4129.042,2250,2250
2021-04-13 00:46:02.943000,4130.001,4129.052,3610,4190
2021-04-13 00:46:02.993000,4130.055,4129.348,2250,2250
2021-04-13 00:46:03.658000,4129.761,4129.334,2250,890
2021-04-13 00:46:03.708000,4129.758,4129.048,2250,2250
2021-04-13 00:46:05.031000,4130.052,4129.034,3610,4190
2021-04-13 00:46:05.082000,4130.049,4129.333,2250,2250
2021-04-13 00:46:05.460000,4129.955,4129.334,2250,890
2021-04-13 00:46:05.510000,4129.955,4129.251,2250,2250
2021-04-13 00:46:06.519000,4129.955,4129.037,3610,4190
2021-04-13 00:46:06.569000,4129.752,4129.042,2250,2250
2021-04-13 00:46:09.003000,4129.764,4128.831,3610,4190
2021-04-13 00:46:09.054000,4129.552,4128.833,2250,2250
2021-04-13 00:46:11.749000,4129.252,4128.852,2250,890
2021-04-13 00:46:11.799000,4129.249,4128.533,2250,2250
2021-04-13 00:46:12.504000,4129.555,4128.531,3610,4190
2021-04-13 00:46:12.554000,4129.552,4128.851,2250,2250
2021-04-13 00:46:12.824000,4129.401,4128.849,2250,890
2021-04-13 00:46:12.874000,4129.464,4128.754,2250,2250
2021-04-13 00:46:13.759000,4129.546,4128.74,3610,4190
2021-04-13 00:46:13.809000,4129.549,4128.845,2250,2250
2021-04-13 00:46:14.100000,4129.449,4128.837,2250,890
2021-04-13 00:46:14.151000,4129.464,4128.751,2250,2250
2021-04-13 00:46:14.421000,4129.549,4128.797,3610,4190
2021-04-13 00:46:14.472000,4129.552,4128.899,2250,2250
2021-04-13 00:46:28.252000,4129.246,4128.834,2250,890
2021-04-13 00:46:28.302000,4129.258,4128.545,2250,2250
2021-04-13 00:46:33.800000,4129.552,4128.534,3610,4190
2021-04-13 00:46:33.850000,4129.549,4128.842,2250,2250
2021-04-13 00:46:50.158000,4129.701,4128.843,3610,4190
2021-04-13 00:46:50.208000,4129.758,4129.042,2250,2250
2021-04-13 00:46:51.649000,4129.764,4128.834,3610,4190
2021-04-13 00:46:51.699000,4129.555,4128.854,2250,2250
2021-04-13 00:46:51.806000,4129.761,4128.849,3610,4190
2021-04-13 00:46:51.857000,4129.758,4129.051,2250,2250
2021-04-13 00:46:53.894000,4129.664,4129.097,2250,890
2021-04-13 00:46:53.945000,4129.646,4128.933,2250,2250
2021-04-13 00:46:54.055000,4129.749,4128.949,3610,4190
2021-04-13 00:46:54.105000,4129.758,4129.048,2250,2250
2021-04-13 00:46:54.397000,4129.601,4129.031,2250,890
2021-04-13 00:46:54.448000,4129.601,4128.939,2250,2250
2021-04-13 00:46:54.557000,4129.761,4128.946,3610,4190
2021-04-13 00:46:54.607000,4129.752,4129.048,2250,2250
2021-04-13 00:46:55.046000,4129.552,4129.034,2250,890
2021-04-13 00:46:55.096000,4129.558,4128.842,2250,2250
2021-04-13 00:47:03.207000,4129.755,4128.897,3610,4190
2021-04-13 00:47:03.257000,4129.746,4129.045,2250,2250
2021-04-13 00:47:05.882000,4130.052,4129.037,3610,4190
2021-04-13 00:47:05.933000,4130.046,4129.342,2250,2250
2021-04-13 00:47:10.248000,4130.261,4129.346,3610,4190
2021-04-13 00:47:10.298000,4130.201,4129.554,2250,2250
2021-04-13 00:47:10.409000,4130.046,4129.552,2250,890
2021-04-13 00:47:10.459000,4130.067,4129.351,2250,2250
2021-04-13 00:47:10.771000,4130.249,4129.352,3610,4190
2021-04-13 00:47:10.822000,4130.249,4129.539,2250,2250
2021-04-13 00:47:22.569000,4130.067,4129.597,2250,890
2021-04-13 00:47:22.620000,4130.064,4129.333,2250,2250
2021-04-13 00:47:22.730000,4129.755,4129.334,2250,890
2021-04-13 00:47:22.780000,4129.767,4129.054,2250,2250
2021-04-13 00:47:35.716000,4129.549,4129.031,2250,890
2021-04-13 00:47:35.766000,4129.564,4128.833,2250,2250
2021-04-13 00:47:50.224000,4129.452,4128.897,2250,890
2021-04-13 00:47:50.274000,4129.461,4128.733,2250,2250
2021-04-13 00:47:52.310000,4129.555,4128.74,3610,4190
2021-04-13 00:47:52.360000,4129.558,4128.848,2250,2250
2021-04-13 00:47:58.026000,4129.467,4128.831,2250,890
2021-04-13 00:47:58.077000,4129.452,4128.745,2250,2250
2021-04-13 00:47:58.181000,4129.255,4128.749,2250,890
2021-04-13 00:47:58.232000,4129.201,4128.533,2250,2250
2021-04-13 00:48:01.182000,4129.567,4128.537,3610,4190
2021-04-13 00:48:01.232000,4129.546,4128.854,2250,2250
2021-04-13 00:48:33.819000,4129.764,4128.837,3610,4190
2021-04-13 00:48:33.869000,4129.761,4129.045,2250,2250
2021-04-13 00:48:34.343000,4129.464,4129.037,2250,890
2021-04-13 00:48:34.393000,4129.455,4128.736,2250,2250
2021-04-13 00:48:34.664000,4129.255,4128.737,2250,890
2021-04-13 00:48:34.715000,4129.261,4128.539,2250,2250
2021-04-13 00:48:34.830000,4129.464,4128.546,3610,4190
2021-04-13 00:48:34.880000,4129.467,4128.736,2250,2250
2021-04-13 00:48:38.455000,4129.255,4128.731,2250,890
2021-04-13 00:48:38.506000,4129.201,4128.539,2250,2250
2021-04-13 00:48:38.617000,4129.555,4128.546,3610,4190
2021-04-13 00:48:38.667000,4129.552,4128.833,2250,2250
2021-04-13 00:48:41.588000,4129.255,4128.843,2250,890
2021-04-13 00:48:41.638000,4129.201,4128.599,2250,2250
2021-04-13 00:48:41.829000,4129.567,4128.546,3610,4190
2021-04-13 00:48:41.879000,4129.546,4128.833,2250,2250
2021-04-13 00:48:42.220000,4129.246,4128.837,2250,890
2021-04-13 00:48:42.271000,4129.264,4128.533,2250,2250
2021-04-13 00:48:42.989000,4129.558,4128.549,3610,4190
2021-04-13 00:48:43.039000,4129.564,4128.848,2250,2250
2021-04-13 00:48:50.243000,4129.764,4128.897,3610,4190
2021-04-13 00:48:50.294000,4129.758,4129.099,2250,2250
2021-04-13 00:48:50.772000,4129.646,4129.049,2250,890
2021-04-13 00:48:50.822000,4129.646,4128.933,2250,2250
2021-04-13 00:48:51.976000,4129.552,4128.934,2250,890
2021-04-13 00:48:52.026000,4129.564,4128.851,2250,2250
2021-04-13 00:48:52.938000,4129.649,4128.852,3610,4190
2021-04-13 00:48:52.988000,4129.658,4128.936,2250,2250
2021-04-13 00:48:56.170000,4129.567,4128.937,2250,890
2021-04-13 00:48:56.220000,4129.549,4128.851,2250,2250
2021-04-13 00:49:01.426000,4129.755,4128.846,3610,4190
2021-04-13 00:49:01.476000,4129.746,4129.051,2250,2250
2021-04-13 00:49:03.890000,4129.558,4129.097,2250,890
2021-04-13 00:49:03.940000,4129.552,4128.851,2250,2250
2021-04-13 00:49:04.048000,4129.701,4128.834,3610,4190
2021-04-13 00:49:04.098000,4129.746,4129.045,2250,2250
2021-04-13 00:49:04.218000,4129.664,4129.04,2250,890
2021-04-13 00:49:04.268000,4129.664,4128.942,2250,2250
2021-04-13 00:49:06.033000,4129.749,4128.943,3610,4190
2021-04-13 00:49:06.083000,4129.701,4129.033,2250,2250
2021-04-13 00:49:21.372000,4129.658,4129.097,2250,890
2021-04-13 00:49:21.423000,4129.667,4128.933,2250,2250
2021-04-13 00:49:23.056000,4129.701,4128.937,3610,4190
2021-04-13 00:49:23.106000,4129.746,4129.042,2250,2250
2021-04-13 00:49:24.982000,4129.764,4128.931,3610,4190
2021-04-13 00:49:25.033000,4129.601,4128.939,2250,2250
2021-04-13 00:49:26.217000,4129.555,4128.943,2250,890
2021-04-13 00:49:26.267000,4129.552,4128.842,2250,2250
2021-04-13 00:50:03.906000,4129.452,4128.843,2250,890
2021-04-13 00:50:03.957000,4129.449,4128.733,2250,2250
2021-04-13 00:50:14.162000,4129.564,4128.797,3610,4190
2021-04-13 00:50:14.212000,4129.549,4128.851,2250,2250
2021-04-13 00:50:16.672000,4129.201,4128.834,2250,890
2021-04-13 00:50:16.722000,4129.264,4128.542,2250,2250
2021-04-13 00:50:41.779000,4129.255,4128.834,2250,890
2021-04-13 00:50:41.830000,4129.501,4128.842,2250,2250
2021-04-13 00:50:44.335000,4129.252,4128.897,2250,890
2021-04-13 00:50:44.386000,4129.264,4128.536,2250,2250
2021-04-13 00:50:59.393000,4129.501,4128.546,3610,4190
2021-04-13 00:50:59.444000,4129.558,4128.839,2250,2250
2021-04-13 00:51:03.709000,4129.764,4128.846,3610,4190
2021-04-13 00:51:03.759000,4129.764,4129.051,2250,2250
2021-04-13 00:51:07.846000,4129.767,4128.897,3610,4190
2021-04-13 00:51:07.896000,4129.546,4128.899,2250,2250
2021-04-13 00:51:08.005000,4129.661,4128.837,3610,4190
2021-04-13 00:51:08.056000,4129.667,4128.936,2250,2250
2021-04-13 00:51:09.755000,4129.767,4128.946,3610,4190
2021-04-13 00:51:09.806000,4129.752,4129.051,2250,2250
2021-04-13 00:51:15.549000,4129.667,4129.052,2250,890
2021-04-13 00:51:15.600000,4129.667,4128.951,2250,2250
2021-04-13 00:51:15.709000,4129.558,4128.931,2250,890
2021-04-13 00:51:15.760000,4129.564,4128.836,2250,2250
2021-04-13 00:51:17.964000,4129.764,4128.897,3610,4190
2021-04-13 00:51:18.015000,4129.761,4129.054,2250,2250
2021-04-13 00:51:18.127000,4129.746,4128.834,3610,4190
2021-04-13 00:51:18.178000,4129.555,4128.854,2250,2250
2021-04-13 00:51:19.590000,4129.601,4128.831,3610,4190
2021-04-13 00:51:19.640000,4129.601,4128.948,2250,2250
2021-04-13 00:51:21.567000,4129.558,4128.94,2250,890
2021-04-13 00:51:21.617000,4129.546,4128.833,2250,2250
2021-04-13 00:51:21.728000,4129.652,4128.846,3610,4190
2021-04-13 00:51:21.779000,4129.649,4128.933,2250,2250
2021-04-13 00:51:22.378000,4129.567,4128.937,2250,890
2021-04-13 00:51:22.428000,4129.561,4128.845,2250,2250
2021-04-13 00:51:31.306000,4129.258,4128.849,2250,890
2021-04-13 00:51:31.356000,4129.267,4128.545,2250,2250
2021-04-13 00:51:58.094000,4129.001,4128.543,2250,890
2021-04-13 00:51:58.145000,4129.046,4128.342,2250,2250
2021-04-13 00:52:05.727000,4129.249,4128.551,2250,2250
2021-04-13 00:52:09.186000,4129.155,4128.537,2250,890
2021-04-13 00:52:09.237000,4129.149,4128.433,2250,2250
2021-04-13 00:52:09.839000,4129.249,4128.443,3610,4190
2021-04-13 00:52:09.889000,4129.264,4128.539,2250,2250
2021-04-13 00:52:15.132000,4129.146,4128.546,2250,890
2021-04-13 00:52:15.182000,4129.149,4128.442,2250,2250
2021-04-13 00:52:15.911000,4129.249,4128.449,3610,4190
2021-04-13 00:52:15.961000,4129.201,4128.539,2250,2250
2021-04-13 00:52:20.600000,4129.064,4128.552,2250,890
2021-04-13 00:52:20.651000,4129.058,4128.345,2250,2250
2021-04-13 00:52:21.741000,4129.201,4128.343,3610,4190
2021-04-13 00:52:21.792000,4129.249,4128.599,2250,2250
2021-04-13 00:52:26.804000,4129.161,4128.534,2250,890
2021-04-13 00:52:26.854000,4129.167,4128.499,2250,2250
2021-04-13 00:52:26.963000,4129.001,4128.44,2250,890
2021-04-13 00:52:27.014000,4129.049,4128.345,2250,2250
2021-04-13 00:53:01.105000,4129.267,4128.34,3610,4190
2021-04-13 00:53:01.155000,4129.264,4128.539,2250,2250
2021-04-13 00:53:37.455000,4129.546,4128.543,3610,4190
2021-04-13 00:53:37.505000,4129.561,4128.842,2250,2250
2021-04-13 00:53:41.350000,4129.249,4128.846,2250,890
2021-04-13 00:53:41.400000,4129.249,4128.536,2250,2250
2021-04-13 00:53:41.509000,4129.446,4128.597,3610,4190
2021-04-13 00:53:41.560000,4129.449,4128.751,2250,2250
2021-04-13 00:53:42.072000,4129.546,4128.752,3610,4190
2021-04-13 00:53:42.122000,4129.564,4128.842,2250,2250
2021-04-13 00:53:46.873000,4129.255,4128.837,2250,890
2021-04-13 00:53:46.924000,4129.255,4128.551,2250,2250
2021-04-13 00:54:27.927000,4129.564,4128.597,3610,4190
2021-04-13 00:54:27.977000,4129.549,4128.851,2250,2250
2021-04-13 00:54:47.045000,4129.261,4128.849,2250,890
2021-04-13 00:54:47.095000,4129.261,4128.539,2250,2250
2021-04-13 00:54:47.205000,4129.567,4128.543,3610,4190
2021-04-13 00:54:47.255000,4129.567,4128.851,2250,2250
2021-04-13 00:54:48.404000,4129.452,4128.84,2250,890
2021-04-13 00:54:48.454000,4129.461,4128.751,2250,2250
2021-04-13 00:54:48.724000,4129.458,4128.831,2250,890
2021-04-13 00:54:48.774000,4129.558,4128.836,2250,2250
2021-04-13 00:54:49.344000,4129.446,4128.837,2250,890
2021-04-13 00:54:49.395000,4129.455,4128.751,2250,2250
2021-04-13 00:54:49.988000,4129.252,4128.737,2250,890
2021-04-13 00:54:50.039000,4129.255,4128.533,2250,2250
2021-04-13 00:55:00.264000,4129.558,4128.546,3610,4190
2021-04-13 00:55:00.314000,4129.567,4128.839,2250,2250
2021-04-13 00:56:11.555000,4129.252,4128.849,2250,890
2021-04-13 00:56:11.606000,4129.267,4128.599,2250,2250
2021-04-13 00:56:39.087000,4129.558,4128.534,3610,4190
2021-04-13 00:56:39.138000,4129.501,4128.848,2250,2250
2021-04-13 00:56:57.692000,4129.764,4128.843,3610,4190
2021-04-13 00:56:57.742000,4129.767,4129.048,2250,2250
2021-04-13 00:57:30.797000,4129.561,4129.049,2250,890
2021-04-13 00:57:30.848000,4129.567,4128.899,2250,2250
2021-04-13 00:57:31.454000,4129.749,4128.84,3610,4190
2021-04-13 00:57:31.505000,4129.755,4129.054,2250,2250
2021-04-13 00:57:45.536000,4129.501,4129.037,2250,890
2021-04-13 00:57:45.587000,4129.552,4128.842,2250,2250
2021-04-13 00:57:48.773000,4129.761,4128.84,3610,4190
2021-04-13 00:57:48.824000,4129.764,4129.033,2250,2250
2021-04-13 00:58:11.521000,4130.052,4129.052,3610,4190
2021-04-13 00:58:11.572000,4130.058,4129.342,2250,2250
2021-04-13 00:58:23.436000,4129.952,4129.331,2250,890
2021-04-13 00:58:23.486000,4129.949,4129.254,2250,2250
2021-04-13 00:58:24.684000,4130.067,4129.24,3610,4190
2021-04-13 00:58:24.735000,4130.064,4129.345,2250,2250
2021-04-13 00:58:24.840000,4129.755,4129.337,2250,890
2021-04-13 00:58:24.890000,4129.758,4129.051,2250,2250
2021-04-13 00:58:25.955000,4130.052,4129.034,3610,4190
2021-04-13 00:58:26.005000,4130.001,4129.351,2250,2250
2021-04-13 00:58:31.224000,4129.949,4129.331,2250,890
2021-04-13 00:58:31.274000,4129.967,4129.233,2250,2250
2021-04-13 00:58:31.715000,4129.767,4129.237,2250,890
2021-04-13 00:58:31.765000,4129.761,4129.051,2250,2250
2021-04-13 00:58:31.874000,4129.961,4129.04,3610,4190
2021-04-13 00:58:31.924000,4129.964,4129.299,2250,2250
2021-04-13 00:58:34.101000,4129.746,4129.243,2250,890
2021-04-13 00:58:34.151000,4129.761,4129.099,2250,2250
2021-04-13 00:59:07.932000,4130.001,4129.04,3610,4190
2021-04-13 00:59:07.982000,4130.067,4129.399,2250,2250
2021-04-13 00:59:11.179000,4130.158,4129.331,3610,4190
2021-04-13 00:59:11.229000,4130.152,4129.454,2250,2250
2021-04-13 00:59:11.339000,4130.046,4129.452,2250,890
2021-04-13 00:59:11.389000,4130.052,4129.348,2250,2250
2021-04-13 00:59:19.303000,4130.152,4129.346,3610,4190
2021-04-13 00:59:19.354000,4130.158,4129.451,2250,2250
2021-04-13 00:59:19.488000,4130.252,4129.497,3610,4190
2021-04-13 00:59:19.538000,4130.255,4129.551,2250,2250
2021-04-13 00:59:21.385000,4130.046,4129.549,2250,890
2021-04-13 00:59:21.435000,4130.064,4129.354,2250,2250
2021-04-13 00:59:22.221000,4130.255,4129.349,3610,4190
2021-04-13 00:59:22.271000,4130.252,4129.548,2250,2250
2021-04-13 00:59:34.953000,4130.049,4129.546,2250,890
2021-04-13 00:59:35.003000,4130.061,4129.333,2250,2250
2021-04-13 00:59:39.424000,4130.255,4129.352,3610,4190
2021-04-13 00:59:39.475000,4130.261,4129.542,2250,2250
2021-04-13 00:59:44.152000,4130.149,4129.543,2250,890
2021-04-13 00:59:44.203000,4130.164,4129.442,2250,2250
2021-04-13 00:59:44.488000,4130.146,4129.337,3610,4190
2021-04-13 00:59:44.538000,4130.049,4129.342,2250,2250
2021-04-13 00:59:44.979000,4130.152,4129.346,3610,4190
2021-04-13 00:59:45.029000,4130.101,4129.499,2250,2250
2021-04-13 00:59:45.140000,4130.258,4129.431,3610,4190
2021-04-13 00:59:45.190000,4130.264,4129.554,2250,2250
2021-04-13 00:59:55.407000,4130.167,4129.543,2250,890
2021-04-13 00:59:55.458000,4130.161,4129.439,2250,2250
2021-04-13 00:59:56.382000,4130.261,4129.434,3610,4190
2021-04-13 00:59:56.432000,4130.246,4129.551,2250,2250
2021-04-13 01:00:01.037000,4130.061,4129.543,2250,890
2021-04-13 01:00:01.087000,4130.064,4129.399,2250,2250
2021-04-13 01:00:02.336000,4130.258,4129.34,3610,4190
2021-04-13 01:00:02.386000,4130.267,4129.533,2250,2250
2021-04-13 01:00:02.655000,4130.146,4129.549,2250,890
2021-04-13 01:00:02.705000,4130.155,4129.499,2250,2250
2021-04-13 01:00:02.816000,4130.049,4129.452,2250,890
2021-04-13 01:00:02.866000,4130.058,4129.354,2250,2250
2021-04-13 01:00:11.319000,4130.246,4129.337,3610,4190
2021-04-13 01:00:11.370000,4130.261,4129.542,2250,2250
2021-04-13 01:00:22.152000,4130.546,4129.537,3610,4190
2021-04-13 01:00:22.202000,4130.555,4129.839,2250,2250
2021-04-13 01:00:30.861000,4130.249,4129.897,2250,890
2021-04-13 01:00:30.911000,4130.249,4129.551,2250,2250
2021-04-13 01:00:47.359000,4130.558,4129.537,3610,4190
2021-04-13 01:00:47.410000,4130.501,4129.836,2250,2250
2021-04-13 01:00:50.345000,4130.249,4129.852,2250,890
2021-04-13 01:00:50.395000,4130.261,4129.536,2250,2250
2021-04-13 01:00:52.109000,4130.449,4129.552,3610,4190
2021-04-13 01:00:52.159000,4130.458,4129.748,2250,2250
2021-04-13 01:00:53.204000,4130.261,4129.551,2250,2250
2021-04-13 01:00:56.329000,4130.567,4129.534,3610,4190
2021-04-13 01:00:56.379000,4130.561,4129.854,2250,2250
2021-04-13 01:00:57.581000,4130.701,4129.852,3610,4190
2021-04-13 01:00:57.631000,4130.761,4130.036,2250,2250
2021-04-13 01:01:01.227000,4130.567,4130.04,2250,890
2021-04-13 01:01:01.277000,4130.567,4129.839,2250,2250
2021-04-13 01:01:04.576000,4130.649,4129.897,3610,4190
2021-04-13 01:01:04.626000,4130.664,4129.936,2250,2250
2021-04-13 01:01:04.904000,4130.552,4129.943,2250,890
2021-04-13 01:01:04.955000,4130.552,4129.851,2250,2250
2021-04-13 01:01:15.453000,4130.701,4129.849,3610,4190
2021-04-13 01:01:15.504000,4130.761,4130.051,2250,2250
2021-04-13 01:01:17.911000,4130.561,4130.04,2250,890
2021-04-13 01:01:17.961000,4130.564,4129.851,2250,2250
2021-04-13 01:01:18.907000,4130.646,4129.831,3610,4190
2021-04-13 01:01:18.958000,4130.646,4129.942,2250,2250
2021-04-13 01:01:19.067000,4130.758,4129.946,3610,4190
2021-04-13 01:01:19.118000,4130.761,4130.039,2250,2250
2021-04-13 01:01:21.124000,4130.549,4130.037,2250,890
2021-04-13 01:01:21.174000,4130.564,4129.842,2250,2250
2021-04-13 01:01:22.219000,4130.749,4129.831,3610,4190
2021-04-13 01:01:22.270000,4130.752,4130.039,2250,2250
2021-04-13 01:01:24.773000,4130.752,4130.349,2250,890
2021-04-13 01:01:24.824000,4131.046,4130.333,2250,2250
2021-04-13 01:01:25.963000,4131.055,4130.531,2250,890
2021-04-13 01:01:26.013000,4131.255,4130.536,2250,2250
2021-04-13 01:01:26.282000,4131.049,4130.543,2250,890
2021-04-13 01:01:26.332000,4131.061,4130.354,2250,2250
2021-04-13 01:01:26.441000,4131.258,4130.343,3610,4190
2021-04-13 01:01:26.492000,4131.261,4130.545,2250,2250
2021-04-13 01:01:26.763000,4131.058,4130.546,2250,890
2021-04-13 01:01:26.813000,4131.067,4130.342,2250,2250
2021-04-13 01:01:34.507000,4131.201,4130.331,3610,4190
2021-04-13 01:01:34.557000,4131.255,4130.539,2250,2250
2021-04-13 01:01:35.663000,4131.101,4130.546,2250,890
2021-04-13 01:01:35.713000,4131.155,4130.448,2250,2250
2021-04-13 01:01:35.822000,4131.064,4130.497,2250,890
2021-04-13 01:01:35.872000,4131.046,4130.342,2250,2250
2021-04-13 01:01:37.117000,4131.249,4130.352,3610,4190
2021-04-13 01:01:37.168000,4131.261,4130.542,2250,2250
2021-04-13 01:01:41.224000,4131.101,4130.549,2250,890
2021-04-13 01:01:41.274000,4131.158,4130.436,2250,2250
2021-04-13 01:01:41.545000,4131.052,4130.44,2250,890
2021-04-13 01:01:41.595000,4131.046,4130.399,2250,2250
2021-04-13 01:01:43.499000,4131.255,4130.331,3610,4190
2021-04-13 01:01:43.550000,4131.267,4130.599,2250,2250
2021-04-13 01:01:45.459000,4131.052,4130.537,2250,890
2021-04-13 01:01:45.510000,4131.064,4130.342,2250,2250
2021-04-13 01:01:45.620000,4131.246,4130.331,3610,4190
2021-04-13 01:01:45.670000,4131.252,4130.599,2250,2250
2021-04-13 01:02:00.474000,4131.252,4130.397,3610,4190
2021-04-13 01:02:00.525000,4131.052,4130.399,2250,2250
2021-04-13 01:02:08.548000,4130.749,4130.352,2250,890
2021-04-13 01:02:08.598000,4130.749,4130.054,2250,2250
2021-04-13 01:02:26.389000,4130.501,4130.031,2250,890
2021-04-13 01:02:26.439000,4130.561,4129.839,2250,2250
2021-04-13 01:03:19.012000,4130.249,4129.831,2250,890
2021-04-13 01:03:19.063000,4130.249,4129.542,2250,2250
2021-04-13 01:03:29.893000,4130.552,4129.54,3610,4190
2021-04-13 01:03:29.944000,4130.549,4129.833,2250,2250
2021-04-13 01:03:39.105000,4130.249,4129.852,2250,890
2021-04-13 01:03:39.155000,4130.201,4129.533,2250,2250
2021-04-13 01:03:41.193000,4130.567,4129.546,3610,4190
2021-04-13 01:03:41.243000,4130.546,4129.839,2250,2250
2021-04-13 01:03:49.583000,4130.455,4129.897,2250,890
2021-04-13 01:03:49.634000,4130.452,4129.739,2250,2250
2021-04-13 01:03:49.771000,4130.558,4129.737,3610,4190
2021-04-13 01:03:49.822000,4130.564,4129.833,2250,2250
2021-04-13 01:03:54.559000,4130.464,4129.897,2250,890
2021-04-13 01:03:54.609000,4130.452,4129.739,2250,2250
2021-04-13 01:03:54.719000,4130.255,4129.74,2250,890
2021-04-13 01:03:54.770000,4130.258,4129.533,2250,2250
2021-04-13 01:04:00.707000,4130.401,4129.531,3610,4190
2021-04-13 01:04:00.758000,4130.458,4129.754,2250,2250
2021-04-13 01:04:00.868000,4130.252,4129.746,2250,890
2021-04-13 01:04:00.918000,4130.255,4129.533,2250,2250
2021-04-13 01:04:11.507000,4130.049,4129.54,2250,890
2021-04-13 01:04:11.557000,4130.058,4129.399,2250,2250
2021-04-13 01:04:14.395000,4130.267,4129.346,3610,4190
2021-04-13 01:04:14.446000,4130.258,4129.554,2250,2250
2021-04-13 01:04:22.240000,4130.052,4129.543,2250,890
2021-04-13 01:04:22.290000,4130.061,4129.351,2250,2250
2021-04-13 01:04:25.302000,4130.255,4129.334,3610,4190
2021-04-13 01:04:25.352000,4130.261,4129.536,2250,2250
2021-04-13 01:04:26.829000,4130.046,4129.546,2250,890
2021-04-13 01:04:26.879000,4130.046,4129.399,2250,2250
2021-04-13 01:05:14.795000,4129.758,4129.337,2250,890
2021-04-13 01:05:14.845000,4129.749,4129.054,2250,2250
2021-04-13 01:05:39.664000,4129.555,4129.031,2250,890
2021-04-13 01:05:39.715000,4129.546,4128.836,2250,2250
2021-04-13 01:05:47.502000,4129.701,4128.849,3610,4190
2021-04-13 01:05:47.552000,4129.752,4129.045,2250,2250
2021-04-13 01:06:01.990000,4129.561,4129.043,2250,890
2021-04-13 01:06:02.040000,4129.567,4128.848,2250,2250
2021-04-13 01:06:54.041000,4129.255,4128.834,2250,890
2021-04-13 01:06:54.091000,4129.249,4128.539,2250,2250
2021-04-13 01:06:58.472000,4129.546,4128.552,3610,4190
2021-04-13 01:06:58.522000,4129.549,4128.839,2250,2250
2021-04-13 01:07:01.079000,4129.249,4128.84,2250,890
2021-04-13 01:07:01.129000,4129.261,4128.542,2250,2250
2021-04-13 01:07:03.848000,4129.549,4128.546,3610,4190
2021-04-13 01:07:03.898000,4129.552,4128.854,2250,2250
2021-04-13 01:07:04.004000,4129.249,4128.846,2250,890
2021-04-13 01:07:04.055000,4129.249,4128.548,2250,2250
2021-04-13 01:07:07.483000,4129.555,4128.546,3610,4190
2021-04-13 01:07:07.533000,4129.549,4128.836,2250,2250
2021-04-13 01:07:14.199000,4129.201,4128.84,2250,890
2021-04-13 01:07:14.250000,4129.261,4128.545,2250,2250
2021-04-13 01:07:14.359000,4129.558,4128.534,3610,4190
2021-04-13 01:07:14.409000,4129.555,4128.899,2250,2250
2021-04-13 01:07:15.208000,4129.461,4128.897,2250,890
2021-04-13 01:07:15.258000,4129.455,4128.742,2250,2250
2021-04-13 01:07:15.367000,4129.555,4128.737,3610,4190
2021-04-13 01:07:15.417000,4129.564,4128.851,2250,2250
2021-04-13 01:07:19.556000,4129.401,4128.846,2250,890
2021-04-13 01:07:19.607000,4129.467,4128.742,2250,2250
2021-04-13 01:07:19.926000,4129.264,4128.797,2250,890
2021-04-13 01:07:19.976000,4129.252,4128.554,2250,2250
2021-04-13 01:07:20.088000,4129.501,4128.546,3610,4190
2021-04-13 01:07:20.138000,4129.561,4128.854,2250,2250
2021-04-13 01:07:30.210000,4129.652,4128.852,3610,4190
2021-04-13 01:07:30.261000,4129.652,4128.945,2250,2250
2021-04-13 01:07:30.595000,4129.701,4128.943,3610,4190
2021-04-13 01:07:30.645000,4129.752,4129.099,2250,2250
2021-04-13 01:07:30.754000,4129.567,4129.049,2250,890
2021-04-13 01:07:30.804000,4129.549,4128.842,2250,2250
2021-04-13 01:08:00.206000,4129.501,4128.549,3610,4190
2021-04-13 01:08:00.257000,4129.246,4128.599,2250,2250
2021-04-13 01:08:26.783000,4129.558,4128.546,3610,4190
2021-04-13 01:08:26.834000,4129.549,4128.845,2250,2250
2021-04-13 01:09:01.103000,4129.264,4128.852,2250,890
2021-04-13 01:09:01.153000,4129.255,4128.599,2250,2250
2021-04-13 01:09:01.591000,4129.555,4128.549,3610,4190
2021-04-13 01:09:01.641000,4129.546,4128.845,2250,2250
2021-04-13 01:09:04.590000,4129.258,4128.852,2250,890
2021-04-13 01:09:04.640000,4129.258,4128.542,2250,2250
2021-04-13 01:09:06.679000,4129.501,4128.543,3610,4190
2021-04-13 01:09:06.729000,4129.555,4128.854,2250,2250
2021-04-13 01:10:22.387000,4129.564,4129.043,2250,890
2021-04-13 01:10:22.437000,4129.761,4129.099,2250,2250
2021-04-13 01:10:24.354000,4130.046,4129.097,3610,4190
2021-04-13 01:10:24.405000,4130.052,4129.339,2250,2250
2021-04-13 01:11:07.440000,4130.058,4129.049,3610,4190
2021-04-13 01:11:07.490000,4129.764,4129.036,2250,2250
2021-04-13 01:11:29.034000,4129.555,4129.049,2250,890
2021-04-13 01:11:29.084000,4129.564,4128.848,2250,2250
2021-04-13 01:11:47.614000,4129.452,4128.846,2250,890
2021-04-13 01:11:47.665000,4129.452,4128.742,2250,2250
2021-04-13 01:11:48.292000,4129.567,4128.746,3610,4190
2021-04-13 01:11:48.342000,4129.546,4128.842,2250,2250
2021-04-13 01:12:02.111000,4129.264,4128.837,2250,890
2021-04-13 01:12:02.161000,4129.261,4128.599,2250,2250
2021-04-13 01:12:06.591000,4129.252,4128.831,2250,890
2021-04-13 01:12:06.641000,4129.564,4128.839,2250,2250
2021-04-13 01:12:11.079000,4129.252,4128.843,2250,890
2021-04-13 01:12:11.129000,4129.246,4128.554,2250,2250
2021-04-13 01:12:11.238000,4129.558,4128.531,3610,4190
2021-04-13 01:12:11.288000,4129.552,4128.848,2250,2250
2021-04-13 01:12:11.399000,4129.458,4128.897,2250,890
2021-04-13 01:12:11.449000,4129.461,4128.733,2250,2250
2021-04-13 01:12:11.765000,4129.567,4128.74,3610,4190
2021-04-13 01:12:11.816000,4129.561,4128.842,2250,2250
2021-04-13 01:12:13.002000,4129.201,4128.852,2250,890
2021-04-13 01:12:13.052000,4129.249,4128.536,2250,2250
2021-04-13 01:12:13.162000,4129.455,4128.543,3610,4190
2021-04-13 01:12:13.212000,4129.461,4128.739,2250,2250
2021-04-13 01:12:13.569000,4129.549,4128.731,3610,4190
2021-04-13 01:12:13.619000,4129.567,4128.899,2250,2250
2021-04-13 01:12:38.813000,4129.452,4128.843,2250,890
2021-04-13 01:12:38.864000,4129.464,4128.799,2250,2250
2021-04-13 01:12:39.864000,4129.561,4128.797,3610,4190
2021-04-13 01:12:39.915000,4129.567,4128.842,2250,2250
2021-04-13 01:12:40.673000,4129.467,4128.897,2250,890
2021-04-13 01:12:40.723000,4129.461,4128.748,2250,2250
2021-04-13 01:12:40.834000,4129.252,4128.746,2250,890
2021-04-13 01:12:40.884000,4129.267,4128.545,2250,2250
2021-04-13 01:12:43.561000,4129.561,4128.531,3610,4190
2021-04-13 01:12:43.612000,4129.558,4128.839,2250,2250
2021-04-13 01:13:35.531000,4129.746,4128.84,3610,4190
2021-04-13 01:13:35.581000,4129.755,4129.051,2250,2250
2021-04-13 01:13:40.870000,4129.558,4129.052,2250,890
2021-04-13 01:13:40.921000,4129.555,4128.842,2250,2250
2021-04-13 01:13:44.403000,4129.755,4128.831,3610,4190
2021-04-13 01:13:44.454000,4129.761,4129.039,2250,2250
2021-04-13 01:13:45.674000,4129.649,4129.097,2250,890
2021-04-13 01:13:45.725000,4129.652,4128.948,2250,2250
2021-04-13 01:13:45.874000,4129.764,4128.952,3610,4190
2021-04-13 01:13:45.924000,4129.746,4129.099,2250,2250
2021-04-13 01:13:47.963000,4129.561,4128.899,2250,2250
2021-04-13 01:13:48.728000,4129.761,4128.852,3610,4190
2021-04-13 01:13:48.779000,4129.701,4129.042,2250,2250
2021-04-13 01:14:06.175000,4129.658,4129.043,2250,890
2021-04-13 01:14:06.225000,4129.601,4128.942,2250,2250
2021-04-13 01:14:06.497000,4129.701,4128.931,3610,4190
2021-04-13 01:14:06.547000,4129.764,4129.039,2250,2250
2021-04-13 01:14:06.656000,4129.661,4129.097,2250,890
2021-04-13 01:14:06.707000,4129.661,4128.948,2250,2250
2021-04-13 01:14:06.970000,4129.567,4128.946,2250,890
2021-04-13 01:14:07.020000,4129.567,4128.842,2250,2250
2021-04-13 01:14:07.131000,4129.661,4128.849,3610,4190
2021-04-13 01:14:07.181000,4129.655,4128.936,2250,2250
2021-04-13 01:14:11.519000,4129.564,4128.94,2250,890
2021-04-13 01:14:11.569000,4129.549,4128.839,2250,2250
2021-04-13 01:15:01.611000,4129.755,4128.84,3610,4190
2021-04-13 01:15:01.661000,4129.752,4129.051,2250,2250
2021-04-13 01:15:01.932000,4130.067,4129.034,3610,4190
2021-04-13 01:15:01.982000,4130.061,4129.354,2250,2250
2021-04-13 01:15:08.114000,4129.761,4129.331,2250,890
2021-04-13 01:15:08.165000,4129.701,4129.099,2250,2250
2021-04-13 01:15:08.915000,4129.964,4129.046,3610,4190
2021-04-13 01:15:08.965000,4129.952,4129.251,2250,2250
2021-04-13 01:15:09.074000,4129.701,4129.24,2250,890
2021-04-13 01:15:09.125000,4129.767,4129.051,2250,2250
2021-04-13 01:15:17.364000,4130.001,4129.037,3610,4190
2021-04-13 01:15:17.414000,4130.064,4129.333,2250,2250
2021-04-13 01:15:19.267000,4129.752,4129.346,2250,890
2021-04-13 01:15:19.317000,4129.701,4129.033,2250,2250
2021-04-13 01:15:30.348000,4129.664,4129.037,2250,890
2021-04-13 01:15:30.398000,4129.664,4128.933,2250,2250
2021-04-13 01:15:30.667000,4129.758,4128.952,3610,4190
2021-04-13 01:15:30.717000,4129.758,4129.033,2250,2250
2021-04-13 01:15:31.150000,4129.661,4129.04,2250,890
2021-04-13 01:15:31.200000,4129.646,4128.948,2250,2250
2021-04-13 01:15:31.309000,4129.501,4128.94,2250,890
2021-04-13 01:15:31.359000,4129.558,4128.839,2250,2250
2021-04-13 01:15:32.141000,4129.764,4128.897,3610,4190
2021-04-13 01:15:32.192000,4129.767,4129.051,2250,2250
2021-04-13 01:15:32.459000,4129.561,4129.034,2250,890
2021-04-13 01:15:32.510000,4129.558,4128.848,2250,2250
2021-04-13 01:15:47.538000,4129.252,4128.834,2250,890
2021-04-13 01:15:47.589000,4129.249,4128.548,2250,2250
2021-04-13 01:15:51.718000,4129.552,4128.534,3610,4190
2021-04-13 01:15:51.768000,4129.567,4128.836,2250,2250
2021-04-13 01:16:03.542000,4129.767,4128.843,3610,4190
2021-04-13 01:16:03.592000,4129.767,4129.042,2250,2250
2021-04-13 01:16:06.627000,4129.646,4129.037,2250,890
2021-04-13 01:16:06.677000,4129.652,4128.999,2250,2250
2021-04-13 01:16:07.100000,4129.501,4128.931,2250,890
2021-04-13 01:16:07.150000,4129.561,4128.851,2250,2250
2021-04-13 01:16:08.272000,4129.658,4128.837,3610,4190
2021-04-13 01:16:08.322000,4129.649,4128.933,2250,2250
2021-04-13 01:16:08.432000,4129.567,4128.934,2250,890
2021-04-13 01:16:08.482000,4129.546,4128.854,2250,2250
2021-04-13 01:16:15.149000,4129.401,4128.849,2250,890
2021-04-13 01:16:15.199000,4129.452,4128.736,2250,2250
2021-04-13 01:16:15.310000,4129.255,4128.737,2250,890
2021-04-13 01:16:15.361000,4129.249,4128.539,2250,2250
2021-04-13 01:16:30.473000,4129.049,4128.543,2250,890
2021-04-13 01:16:30.524000,4129.055,4128.354,2250,2250
2021-04-13 01:16:32.377000,4129.264,4128.349,3610,4190
2021-04-13 01:16:32.428000,4129.261,4128.536,2250,2250
2021-04-13 01:16:32.532000,4129.055,4128.537,2250,890
2021-04-13 01:16:32.583000,4129.049,4128.336,2250,2250
2021-04-13 01:16:38.404000,4129.261,4128.352,3610,4190
2021-04-13 01:16:38.455000,4129.261,4128.533,2250,2250
2021-04-13 01:16:39.573000,4129.058,4128.543,2250,890
2021-04-13 01:16:39.623000,4129.064,4128.336,2250,2250
2021-04-13 01:16:58.809000,4129.246,4128.343,3610,4190
2021-04-13 01:16:58.882000,4129.261,4128.536,2250,2250
2021-04-13 01:17:01.471000,4129.552,4128.537,3610,4190
2021-04-13 01:17:01.522000,4129.555,4128.842,2250,2250
2021-04-13 01:17:15.762000,4129.249,4128.897,2250,890
2021-04-13 01:17:15.812000,4129.264,4128.548,2250,2250
2021-04-13 01:17:16.083000,4129.455,4128.552,3610,4190
2021-04-13 01:17:16.133000,4129.464,4128.751,2250,2250
2021-04-13 01:17:16.940000,4129.267,4128.752,2250,890
2021-04-13 01:17:16.990000,4129.264,4128.536,2250,2250
2021-04-13 01:17:17.259000,4129.458,4128.546,3610,4190
2021-04-13 01:17:17.309000,4129.401,4128.736,2250,2250
2021-04-13 01:17:19.272000,4129.201,4128.797,2250,890
2021-04-13 01:17:19.323000,4129.267,4128.542,2250,2250
2021-04-13 01:17:19.789000,4129.401,4128.552,3610,4190
2021-04-13 01:17:19.840000,4129.446,4128.736,2250,2250
2021-04-13 01:17:20.109000,4129.249,4128.797,2250,890
2021-04-13 01:17:20.160000,4129.201,4128.545,2250,2250
2021-04-13 01:17:20.947000,4129.464,4128.531,3610,4190
2021-04-13 01:17:20.997000,4129.446,4128.739,2250,2250
2021-04-13 01:17:21.108000,4129.561,4128.74,3610,4190
2021-04-13 01:17:21.158000,4129.552,4128.851,2250,2250
2021-04-13 01:17:22.455000,4129.264,4128.852,2250,890
2021-04-13 01:17:22.506000,4129.264,4128.536,2250,2250
2021-04-13 01:17:23.097000,4129.446,4128.552,3610,4190
2021-04-13 01:17:23.147000,4129.467,4128.754,2250,2250
2021-04-13 01:17:23.258000,4129.546,4128.74,3610,4190
2021-04-13 01:17:23.309000,4129.549,4128.851,2250,2250
2021-04-13 01:17:26.914000,4129.564,4128.597,3610,4190
2021-04-13 01:17:26.964000,4129.261,4128.533,2250,2250
2021-04-13 01:17:27.979000,4129.461,4128.534,3610,4190
2021-04-13 01:17:28.030000,4129.461,4128.748,2250,2250
2021-04-13 01:17:28.284000,4129.261,4128.731,2250,890
2021-04-13 01:17:28.334000,4129.261,4128.536,2250,2250
2021-04-13 01:17:29.525000,4129.549,4128.549,3610,4190
2021-04-13 01:17:29.575000,4129.564,4128.851,2250,2250
2021-04-13 01:17:39.026000,4129.267,4128.843,2250,890
2021-04-13 01:17:39.076000,4129.255,4128.599,2250,2250
2021-04-13 01:17:50.949000,4129.058,4128.552,2250,890
2021-04-13 01:17:50.999000,4129.001,4128.348,2250,2250
2021-04-13 01:18:15.269000,4128.758,4128.349,2250,890
2021-04-13 01:18:15.319000,4128.767,4128.051,2250,2250
2021-04-13 01:18:16.426000,4129.001,4128.04,3610,4190
2021-04-13 01:18:16.477000,4129.067,4128.336,2250,2250
2021-04-13 01:18:22.309000,4128.755,4128.331,2250,890
2021-04-13 01:18:22.360000,4128.746,4128.036,2250,2250
2021-04-13 01:18:24.525000,4129.067,4128.031,3610,4190
2021-04-13 01:18:24.575000,4129.049,4128.354,2250,2250
2021-04-13 01:18:43.534000,4129.261,4128.397,3610,4190
2021-04-13 01:18:43.584000,4129.264,4128.533,2250,2250
2021-04-13 01:19:03.252000,4129.055,4128.549,2250,890
2021-04-13 01:19:03.303000,4129.046,4128.399,2250,2250
2021-04-13 01:19:25.688000,4128.949,4128.346,2250,890
2021-04-13 01:19:25.739000,4128.958,4128.254,2250,2250
2021-04-13 01:19:26.008000,4128.746,4128.249,2250,890
2021-04-13 01:19:26.058000,4128.761,4128.045,2250,2250
2021-04-13 01:19:40.387000,4129.046,4128.031,3610,4190
2021-04-13 01:19:40.438000,4129.067,4128.333,2250,2250
2021-04-13 01:19:51.138000,4128.701,4128.343,2250,890
2021-04-13 01:19:51.189000,4128.761,4128.048,2250,2250
2021-04-13 01:19:52.437000,4128.961,4128.031,3610,4190
2021-04-13 01:19:52.488000,4128.946,4128.251,2250,2250
2021-04-13 01:19:52.760000,4128.755,4128.246,2250,890
2021-04-13 01:19:52.811000,4128.749,4128.036,2250,2250
2021-04-13 01:20:00.143000,4129.055,4128.031,3610,4190
2021-04-13 01:20:00.194000,4129.061,4128.345,2250,2250
2021-04-13 01:20:00.627000,4128.764,4128.343,2250,890
2021-04-13 01:20:00.677000,4128.758,4128.039,2250,2250
2021-04-13 01:20:03.950000,4129.001,4128.049,3610,4190
2021-04-13 01:20:04.001000,4129.055,4128.333,2250,2250
2021-04-13 01:20:18.883000,4129.261,4128.352,3610,4190
2021-04-13 01:20:18.933000,4129.252,4128.545,2250,2250
2021-04-13 01:20:20.164000,4129.061,4128.552,2250,890
2021-04-13 01:20:20.214000,4129.046,4128.342,2250,2250
2021-04-13 01:20:21.208000,4129.001,4128.44,2250,890
2021-04-13 01:20:21.259000,4129.158,4128.445,2250,2250
2021-04-13 01:20:21.408000,4129.149,4128.531,2250,890
2021-04-13 01:20:21.459000,4129.255,4128.548,2250,2250
2021-04-13 01:20:23.302000,4129.267,4128.331,3610,4190
2021-04-13 01:20:23.352000,4129.046,4128.336,2250,2250
2021-04-13 01:20:26.412000,4129.152,4128.346,3610,4190
2021-04-13 01:20:26.462000,4129.161,4128.445,2250,2250
2021-04-13 01:20:26.889000,4129.061,4128.437,2250,890
2021-04-13 01:20:26.940000,4129.064,4128.348,2250,2250
2021-04-13 01:20:36.468000,4129.255,4128.352,3610,4190
2021-04-13 01:20:36.519000,4129.258,4128.533,2250,2250
2021-04-13 01:20:38.757000,4129.101,4128.537,2250,890
2021-04-13 01:20:38.807000,4129.101,4128.433,2250,2250
2021-04-13 01:20:40.116000,4129.049,4128.431,2250,890
2021-04-13 01:20:40.166000,4129.067,4128.345,2250,2250
2021-04-13 01:20:41.372000,4129.255,4128.346,3610,4190
2021-04-13 01:20:41.422000,4129.252,4128.542,2250,2250
2021-04-13 01:20:42.499000,4129.001,4128.546,2250,890
2021-04-13 01:20:42.549000,4129.064,4128.345,2250,2250
2021-04-13 01:20:43.461000,4129.161,4128.337,3610,4190
2021-04-13 01:20:43.512000,4129.152,4128.439,2250,2250
2021-04-13 01:20:43.624000,4129.055,4128.452,2250,890
2021-04-13 01:20:43.675000,4129.055,4128.336,2250,2250
2021-04-13 01:20:44.431000,4129.167,4128.352,3610,4190
2021-04-13 01:20:44.504000,4129.152,4128.451,2250,2250
2021-04-13 01:20:44.592000,4129.052,4128.431,2250,890
2021-04-13 01:20:44.643000,4129.064,4128.348,2250,2250
2021-04-13 01:20:44.913000,4129.155,4128.352,3610,4190
2021-04-13 01:20:44.964000,4129.161,4128.439,2250,2250
2021-04-13 01:20:46.732000,4129.049,4128.449,2250,890
2021-04-13 01:20:46.783000,4129.052,4128.342,2250,2250
2021-04-13 01:20:50.553000,4129.046,4128.537,2250,890
2021-04-13 01:20:50.603000,4129.249,4128.542,2250,2250
2021-04-13 01:21:12.587000,4129.167,4128.597,2250,890
2021-04-13 01:21:12.637000,4129.167,4128.436,2250,2250
2021-04-13 01:21:12.741000,4129.061,4128.449,2250,890
2021-04-13 01:21:12.792000,4129.058,4128.348,2250,2250
2021-04-13 01:21:14.210000,4129.246,4128.331,3610,4190
2021-04-13 01:21:14.260000,4129.255,4128.533,2250,2250
2021-04-13 01:21:27.114000,4129.001,4128.54,2250,890
2021-04-13 01:21:27.164000,4129.001,4128.399,2250,2250
2021-04-13 01:21:31.985000,4128.752,4128.34,2250,890
2021-04-13 01:21:32.035000,4128.767,4128.033,2250,2250
2021-04-13 01:21:47.745000,4129.049,4128.031,3610,4190
2021-04-13 01:21:47.795000,4129.067,4128.351,2250,2250
2021-04-13 01:22:01.310000,4129.249,4128.343,3610,4190
2021-04-13 01:22:01.361000,4129.258,4128.599,2250,2250
2021-04-13 01:22:03.068000,4129.058,4128.552,2250,890
2021-04-13 01:22:03.118000,4129.067,4128.339,2250,2250
2021-04-13 01:22:05.955000,4129.101,4128.397,3610,4190
2021-04-13 01:22:06.005000,4129.146,4128.499,2250,2250
2021-04-13 01:22:06.114000,4129.201,4128.44,3610,4190
2021-04-13 01:22:06.166000,4129.264,4128.542,2250,2250
2021-04-13 01:22:12.877000,4129.146,4128.552,2250,890
2021-04-13 01:22:12.927000,4129.152,4128.454,2250,2250
2021-04-13 01:22:13.522000,4129.264,4128.446,3610,4190
2021-04-13 01:22:13.572000,4129.258,4128.536,2250,2250
2021-04-13 01:22:19.954000,4129.058,4128.552,2250,890
2021-04-13 01:22:20.004000,4129.001,4128.351,2250,2250
2021-04-13 01:22:30.719000,4129.264,4128.337,3610,4190
2021-04-13 01:22:30.769000,4129.252,4128.599,2250,2250
2021-04-13 01:22:31.899000,4129.055,4128.543,2250,890
2021-04-13 01:22:31.950000,4129.052,4128.345,2250,2250
2021-04-13 01:22:32.060000,4129.258,4128.334,3610,4190
2021-04-13 01:22:32.111000,4129.258,4128.599,2250,2250
2021-04-13 01:22:32.740000,4129.158,4128.534,2250,890
2021-04-13 01:22:32.791000,4129.158,4128.433,2250,2250
2021-04-13 01:22:32.898000,4129.246,4128.452,3610,4190
2021-04-13 01:22:32.948000,4129.255,4128.548,2250,2250
2021-04-13 01:22:34.426000,4129.264,4128.434,3610,4190
2021-04-13 01:22:34.477000,4129.146,4128.499,2250,2250
2021-04-13 01:22:35.373000,4129.155,4128.334,3610,4190
2021-04-13 01:22:35.423000,4129.052,4128.333,2250,2250
2021-04-13 01:22:39.759000,4129.152,4128.34,3610,4190
2021-04-13 01:22:39.809000,4129.164,4128.499,2250,2250
2021-04-13 01:22:39.918000,4129.201,4128.497,3610,4190
2021-04-13 01:22:39.969000,4129.201,4128.551,2250,2250
2021-04-13 01:23:04.046000,4129.558,4128.54,3610,4190
2021-04-13 01:23:04.097000,4129.558,4128.842,2250,2250
2021-04-13 01:23:21.171000,4129.264,4128.846,2250,890
2021-04-13 01:23:21.222000,4129.201,4128.551,2250,2250
2021-04-13 01:23:25.027000,4129.055,4128.543,2250,890
2021-04-13 01:23:25.077000,4129.064,4128.339,2250,2250
2021-04-13 01:23:39.388000,4128.764,4128.343,2250,890
2021-04-13 01:23:39.438000,4128.749,4128.051,2250,2250
2021-04-13 01:23:46.913000,4129.001,4128.037,3610,4190
2021-04-13 01:23:46.963000,4129.058,4128.399,2250,2250
2021-04-13 01:23:48.414000,4128.949,4128.352,2250,890
2021-04-13 01:23:48.465000,4128.949,4128.233,2250,2250
2021-04-13 01:23:48.734000,4128.764,4128.237,2250,890
2021-04-13 01:23:48.785000,4128.764,4128.054,2250,2250
2021-04-13 01:23:58.330000,4128.664,4128.04,2250,890
2021-04-13 01:23:58.380000,4128.601,4127.936,2250,2250
2021-04-13 01:23:58.492000,4128.501,4127.943,2250,890
2021-04-13 01:23:58.542000,4128.564,4127.839,2250,2250
2021-04-13 01:24:24.399000,4128.761,4127.843,3610,4190
2021-04-13 01:24:24.449000,4128.749,4128.054,2250,2250
2021-04-13 01:24:35.033000,4128.958,4128.049,3610,4190
2021-04-13 01:24:35.083000,4128.961,4128.233,2250,2250
2021-04-13 01:24:35.333000,4129.067,4128.24,3610,4190
2021-04-13 01:24:35.383000,4129.061,4128.399,2250,2250
2021-04-13 01:25:02.854000,4129.255,4128.337,3610,4190
2021-04-13 01:25:02.904000,4129.201,4128.554,2250,2250
2021-04-13 01:25:04.569000,4129.546,4128.54,3610,4190
2021-04-13 01:25:04.619000,4129.567,4128.845,2250,2250
2021-04-13 01:25:07.006000,4129.658,4128.84,3610,4190
2021-04-13 01:25:07.057000,4129.601,4128.954,2250,2250
2021-04-13 01:25:07.167000,4129.564,4128.949,2250,890
2021-04-13 01:25:07.218000,4129.552,4128.854,2250,2250
2021-04-13 01:25:09.555000,4129.758,4128.84,3610,4190
2021-04-13 01:25:09.605000,4129.752,4129.036,2250,2250
2021-04-13 01:25:09.716000,4129.501,4129.034,2250,890
2021-04-13 01:25:09.766000,4129.555,4128.842,2250,2250
2021-04-13 01:25:15.233000,4129.764,4128.831,3610,4190
2021-04-13 01:25:15.283000,4129.701,4129.045,2250,2250
2021-04-13 01:25:28.416000,4129.661,4128.933,2250,2250
2021-04-13 01:25:28.771000,4129.761,4128.934,3610,4190
2021-04-13 01:25:28.822000,4129.764,4129.045,2250,2250
2021-04-13 01:25:29.097000,4129.546,4129.052,2250,890
2021-04-13 01:25:29.147000,4129.546,4128.836,2250,2250
2021-04-13 01:25:29.252000,4129.658,4128.897,3610,4190
2021-04-13 01:25:29.302000,4129.658,4128.999,2250,2250
2021-04-13 01:25:29.412000,4129.764,4128.934,3610,4190
2021-04-13 01:25:29.463000,4129.752,4129.042,2250,2250
2021-04-13 01:25:38.038000,4129.746,4129.397,2250,890
2021-04-13 01:25:38.088000,4130.058,4129.342,2250,2250
2021-04-13 01:25:42.755000,4130.255,4129.334,3610,4190
2021-04-13 01:25:42.806000,4130.246,4129.545,2250,2250
2021-04-13 01:25:43.808000,4130.067,4129.543,2250,890
2021-04-13 01:25:43.859000,4130.052,4129.348,2250,2250
2021-04-13 01:25:48.837000,4129.746,4129.343,2250,890
2021-04-13 01:25:48.887000,4129.755,4129.033,2250,2250
2021-04-13 01:25:49.592000,4129.964,4129.031,3610,4190
2021-04-13 01:25:49.642000,4129.949,4129.251,2250,2250
2021-04-13 01:25:49.911000,4129.767,4129.24,2250,890
2021-04-13 01:25:49.962000,4129.761,4129.036,2250,2250
2021-04-13 01:25:53.831000,4129.555,4129.04,2250,890
2021-04-13 01:25:53.882000,4129.567,4128.848,2250,2250
2021-04-13 01:25:55.712000,4129.749,4128.831,3610,4190
2021-04-13 01:25:55.762000,4129.761,4129.048,2250,2250
2021-04-13 01:25:56.031000,4129.561,4129.043,2250,890
2021-04-13 01:25:56.081000,4129.561,4128.854,2250,2250
2021-04-13 01:25:56.410000,4129.655,4128.834,3610,4190
2021-04-13 01:25:56.461000,4129.658,4128.933,2250,2250
2021-04-13 01:25:56.737000,4129.749,4128.949,3610,4190
2021-04-13 01:25:56.787000,4129.752,4129.045,2250,2250
2021-04-13 01:25:57.417000,4129.646,4129.034,2250,890
2021-04-13 01:25:57.468000,4129.658,4128.948,2250,2250
2021-04-13 01:25:57.736000,4129.764,4128.997,3610,4190
2021-04-13 01:25:57.787000,4129.701,4129.033,2250,2250
2021-04-13 01:25:58.216000,4129.667,4129.04,2250,890
2021-04-13 01:25:58.267000,4129.658,4128.948,2250,2250
2021-04-13 01:25:59.412000,4129.752,4128.946,3610,4190
2021-04-13 01:25:59.463000,4129.764,4129.099,2250,2250
2021-04-13 01:26:03.943000,4129.749,4129.346,2250,890
2021-04-13 01:26:03.993000,4130.046,4129.399,2250,2250
2021-04-13 01:26:08.552000,4129.755,4129.349,2250,890
2021-04-13 01:26:08.603000,4129.767,4129.039,2250,2250
2021-04-13 01:26:16.409000,4129.552,4129.037,2250,890
2021-04-13 01:26:16.460000,4129.549,4128.836,2250,2250
2021-04-13 01:26:16.569000,4129.755,4128.852,3610,4190
2021-04-13 01:26:16.619000,4129.764,4129.042,2250,2250
2021-04-13 01:26:17.419000,4129.501,4129.031,2250,890
2021-04-13 01:26:17.470000,4129.561,4128.848,2250,2250
2021-04-13 01:26:31.664000,4129.455,4128.843,2250,890
2021-04-13 01:26:31.715000,4129.461,4128.748,2250,2250
2021-04-13 01:26:31.836000,4129.249,4128.734,2250,890
2021-04-13 01:26:31.887000,4129.264,4128.539,2250,2250
2021-04-13 01:26:34.694000,4129.264,4128.834,2250,890
2021-04-13 01:26:34.745000,4129.555,4128.848,2250,2250
2021-04-13 01:26:59.778000,4129.658,4128.843,3610,4190
2021-04-13 01:26:59.829000,4129.649,4128.948,2250,2250
2021-04-13 01:27:00.728000,4129.546,4128.94,2250,890
2021-04-13 01:27:00.778000,4129.549,4128.845,2250,2250
2021-04-13 01:27:02.210000,4129.758,4128.897,3610,4190
2021-04-13 01:27:02.261000,4129.764,4129.054,2250,2250
2021-04-13 01:27:03.331000,4129.701,4128.94,3610,4190
2021-04-13 01:27:03.382000,4129.652,4128.951,2250,2250
2021-04-13 01:27:03.817000,4129.701,4128.937,3610,4190
2021-04-13 01:27:03.868000,4129.767,4129.054,2250,2250
2021-04-13 01:27:04.618000,4129.601,4129.031,2250,890
2021-04-13 01:27:04.668000,4129.664,4128.954,2250,2250
2021-04-13 01:27:05.348000,4129.749,4128.94,3610,4190
2021-04-13 01:27:05.399000,4129.746,4129.099,2250,2250
2021-04-13 01:27:06.167000,4129.552,4129.04,2250,890
2021-04-13 01:27:06.217000,4129.558,4128.845,2250,2250
2021-04-13 01:27:06.485000,4129.761,4128.837,3610,4190
2021-04-13 01:27:06.535000,4129.764,4129.054,2250,2250
2021-04-13 01:27:07.073000,4129.655,4129.046,2250,890
2021-04-13 01:27:07.124000,4129.601,4128.945,2250,2250
2021-04-13 01:27:07.995000,4129.755,4128.94,3610,4190
2021-04-13 01:27:08.045000,4129.752,4129.033,2250,2250
2021-04-13 01:27:08.792000,4129.601,4129.037,2250,890
2021-04-13 01:27:08.842000,4129.661,4128.999,2250,2250
2021-04-13 01:27:10.013000,4129.764,4128.934,3610,4190
2021-04-13 01:27:10.063000,4129.746,4129.051,2250,2250
2021-04-13 01:27:10.493000,4129.652,4129.04,2250,890
2021-04-13 01:27:10.544000,4129.601,4128.948,2250,2250
2021-04-13 01:27:11.633000,4129.701,4128.934,3610,4190
2021-04-13 01:27:11.683000,4129.764,4129.054,2250,2250
2021-04-13 01:27:11.793000,4129.667,4129.04,2250,890
2021-04-13 01:27:11.843000,4129.649,4128.933,2250,2250
2021-04-13 01:27:12.630000,4129.564,4128.949,2250,890
2021-04-13 01:27:12.681000,4129.567,4128.854,2250,2250
2021-04-13 01:27:13.469000,4129.661,4128.837,3610,4190
2021-04-13 01:27:13.519000,4129.661,4128.999,2250,2250
2021-04-13 01:27:15.534000,4129.552,4128.931,2250,890
2021-04-13 01:27:15.584000,4129.561,4128.833,2250,2250
2021-04-13 01:27:18.651000,4129.249,4128.843,2250,890
2021-04-13 01:27:18.701000,4129.201,4128.539,2250,2250
2021-04-13 01:27:18.813000,4129.249,4128.797,2250,890
2021-04-13 01:27:18.863000,4129.464,4128.742,2250,2250
2021-04-13 01:27:19.679000,4129.252,4128.737,2250,890
2021-04-13 01:27:19.729000,4129.246,4128.533,2250,2250
2021-04-13 01:27:24.528000,4129.264,4128.843,2250,890
2021-04-13 01:27:24.578000,4129.567,4128.848,2250,2250
2021-04-13 01:27:33.474000,4129.749,4128.831,3610,4190
2021-04-13 01:27:33.524000,4129.764,4129.099,2250,2250
2021-04-13 01:27:40.752000,4130.049,4129.037,3610,4190
2021-04-13 01:27:40.803000,4130.049,4129.351,2250,2250
2021-04-13 01:27:46.174000,4129.749,4129.349,2250,890
2021-04-13 01:27:46.224000,4129.758,4129.042,2250,2250
2021-04-13 01:27:48.456000,4129.955,4129.097,3610,4190
2021-04-13 01:27:48.506000,4129.901,4129.245,2250,2250
2021-04-13 01:27:48.617000,4130.052,4129.234,3610,4190
2021-04-13 01:27:48.668000,4130.058,4129.399,2250,2250
2021-04-13 01:27:49.350000,4129.746,4129.334,2250,890
2021-04-13 01:27:49.400000,4129.701,4129.042,2250,2250
2021-04-13 01:27:49.831000,4129.949,4129.034,3610,4190
2021-04-13 01:27:49.881000,4129.949,4129.299,2250,2250
2021-04-13 01:27:51.170000,4129.755,4129.237,2250,890
2021-04-13 01:27:51.220000,4129.749,4129.045,2250,2250
2021-04-13 01:27:51.330000,4129.967,4129.043,3610,4190
2021-04-13 01:27:51.381000,4129.961,4129.236,2250,2250
2021-04-13 01:27:51.492000,4130.061,4129.231,3610,4190
2021-04-13 01:27:51.542000,4130.055,4129.354,2250,2250
2021-04-13 01:27:53.487000,4129.767,4129.397,2250,890
2021-04-13 01:27:53.537000,4129.701,4129.033,2250,2250
2021-04-13 01:27:57.218000,4129.961,4129.097,3610,4190
2021-04-13 01:27:57.268000,4129.955,4129.245,2250,2250
2021-04-13 01:27:57.378000,4130.064,4129.246,3610,4190
2021-04-13 01:27:57.428000,4130.052,4129.336,2250,2250
2021-04-13 01:27:57.964000,4129.764,4129.352,2250,890
2021-04-13 01:27:58.014000,4129.755,4129.039,2250,2250
2021-04-13 01:27:58.576000,4130.064,4129.037,3610,4190
2021-04-13 01:27:58.627000,4130.052,4129.348,2250,2250
2021-04-13 01:28:08.809000,4129.952,4129.349,2250,890
2021-04-13 01:28:08.859000,4129.955,4129.236,2250,2250
2021-04-13 01:28:08.961000,4130.052,4129.249,3610,4190
2021-04-13 01:28:09.012000,4130.064,4129.348,2250,2250
2021-04-13 01:28:15.260000,4129.752,4129.331,2250,890
2021-04-13 01:28:15.311000,4129.764,4129.033,2250,2250
2021-04-13 01:28:15.923000,4130.046,4129.052,3610,4190
2021-04-13 01:28:15.973000,4130.055,4129.354,2250,2250
2021-04-13 01:28:29.344000,4130.258,4129.346,3610,4190
2021-04-13 01:28:29.395000,4130.249,4129.536,2250,2250
2021-04-13 01:28:40.604000,4130.564,4129.549,3610,4190
2021-04-13 01:28:40.654000,4130.561,4129.899,2250,2250
2021-04-13 01:28:48.614000,4130.201,4129.837,2250,890
2021-04-13 01:28:48.665000,4130.264,4129.545,2250,2250
2021-04-13 01:28:59.082000,4130.058,4129.54,2250,890
2021-04-13 01:28:59.133000,4130.067,4129.399,2250,2250
2021-04-13 01:28:59.881000,4130.246,4129.334,3610,4190
2021-04-13 01:28:59.931000,4130.267,4129.539,2250,2250
2021-04-13 01:29:00.483000,4130.049,4129.543,2250,890
2021-04-13 01:29:00.533000,4130.052,4129.348,2250,2250
2021-04-13 01:29:01.870000,4130.155,4129.346,3610,4190
2021-04-13 01:29:01.921000,4130.152,4129.436,2250,2250
2021-04-13 01:29:02.040000,4130.246,4129.434,3610,4190
2021-04-13 01:29:02.091000,4130.255,4129.554,2250,2250
2021-04-13 01:29:02.593000,4130.152,4129.534,2250,890
2021-04-13 01:29:02.643000,4130.164,4129.451,2250,2250
2021-04-13 01:29:02.753000,4130.264,4129.44,3610,4190
2021-04-13 01:29:02.803000,4130.246,4129.542,2250,2250
2021-04-13 01:29:08.998000,4130.061,4129.597,2250,890
2021-04-13 01:29:09.049000,4130.052,4129.336,2250,2250
2021-04-13 01:29:10.432000,4130.164,4129.334,3610,4190
2021-04-13 01:29:10.482000,4130.149,4129.445,2250,2250
