2021-04-12 00:00:00.291000,4120.064,4119.04,2710,4190
2021-04-12 00:00:00.342000,4120.052,4119.333,2250,2250
2021-04-12 00:00:00.769000,4119.958,4119.352,2250,890
2021-04-12 00:00:00.819000,4119.958,4119.242,2250,2250
2021-04-12 00:00:00.929000,4120.046,4119.246,2710,4190
2021-04-12 00:00:00.979000,4120.064,4119.342,2250,2250
2021-04-12 00:00:04.901000,4120.164,4119.346,2710,4190
2021-04-12 00:00:04.951000,4120.158,4119.445,2250,2250
2021-04-12 00:00:05.110000,4120.046,4119.354,2250,2250
2021-04-12 00:00:06.233000,4120.249,4119.349,2710,4190
2021-04-12 00:00:06.284000,4120.258,4119.599,2250,2250
2021-04-12 00:00:07.096000,4120.001,4119.531,2250,890
2021-04-12 00:00:07.146000,4120.052,4119.354,2250,2250
2021-04-12 00:00:07.576000,4120.252,4119.397,2710,4190
2021-04-12 00:00:07.626000,4120.258,4119.545,2250,2250
2021-04-12 00:00:10.910000,4120.452,4119.537,2710,4190
2021-04-12 00:00:10.961000,4120.446,4119.736,2250,2250
2021-04-12 00:00:11.205000,4120.267,4119.737,2250,890
2021-04-12 00:00:11.255000,4120.249,4119.536,2250,2250
2021-04-12 00:00:13.187000,4120.546,4119.842,2250,2250
2021-04-12 00:00:13.363000,4120.446,4119.736,2250,2250
2021-04-12 00:00:13.693000,4120.549,4119.899,2250,2250
2021-04-12 00:00:14.144000,4120.267,4119.554,2250,2250
2021-04-12 00:00:14.352000,4120.401,4119.799,2250,2250
2021-04-12 00:00:14.464000,4120.549,4119.749,2710,4190
2021-04-12 00:00:14.514000,4120.549,4119.845,2250,2250
2021-04-12 00:00:14.784000,4120.249,4119.843,2250,890
2021-04-12 00:00:14.835000,4120.267,4119.554,2250,2250
2021-04-12 00:00:16.466000,4120.546,4119.552,2710,4190
2021-04-12 00:00:16.516000,4120.555,4119.851,2250,2250
2021-04-12 00:00:23.339000,4120.252,4119.852,2250,890
2021-04-12 00:00:23.389000,4120.252,4119.554,2250,2250
2021-04-12 00:00:24.143000,4120.501,4119.543,2710,4190
2021-04-12 00:00:24.193000,4120.549,4119.845,2250,2250
2021-04-12 00:00:24.300000,4120.452,4119.897,2250,890
2021-04-12 00:00:24.350000,4120.467,4119.736,2250,2250
2021-04-12 00:00:24.461000,4120.567,4119.737,2710,4190
2021-04-12 00:00:24.511000,4120.501,4119.854,2250,2250
2021-04-12 00:00:24.781000,4120.264,4119.837,2250,890
2021-04-12 00:00:24.832000,4120.201,4119.545,2250,2250
2021-04-12 00:00:27.079000,4120.564,4119.552,2710,4190
2021-04-12 00:00:27.130000,4120.555,4119.833,2250,2250
2021-04-12 00:00:29.422000,4120.464,4119.843,2250,890
2021-04-12 00:00:29.472000,4120.446,4119.736,2250,2250
2021-04-12 00:00:29.863000,4120.258,4119.545,2250,2250
2021-04-12 00:00:35.156000,4120.164,4119.597,2250,890
2021-04-12 00:00:35.206000,4120.158,4119.448,2250,2250
2021-04-12 00:00:35.316000,4120.067,4119.434,2250,890
2021-04-12 00:00:35.366000,4120.046,4119.336,2250,2250
2021-04-12 00:00:39.172000,4119.749,4119.331,2250,890
2021-04-12 00:00:39.222000,4119.752,4119.048,2250,2250
2021-04-12 00:00:40.756000,4119.564,4118.833,2250,2250
2021-04-12 00:00:42.738000,4119.046,4118.336,2250,2250
2021-04-12 00:00:43.728000,4119.246,4118.539,2250,2250
2021-04-12 00:00:47.357000,4119.564,4118.899,2250,2250
2021-04-12 00:00:49.859000,4119.746,4118.897,2710,4190
2021-04-12 00:00:49.910000,4119.764,4119.033,2250,2250
2021-04-12 00:00:50.327000,4119.646,4118.942,2250,2250
2021-04-12 00:00:50.765000,4119.767,4118.94,2710,4190
2021-04-12 00:00:50.815000,4119.761,4119.048,2250,2250
2021-04-12 00:00:50.926000,4119.661,4119.052,2250,890
2021-04-12 00:00:50.977000,4119.652,4118.999,2250,2250
2021-04-12 00:00:51.086000,4119.561,4118.937,2250,890
2021-04-12 00:00:51.136000,4119.546,4118.854,2250,2250
2021-04-12 00:00:52.059000,4119.667,4118.846,2710,4190
2021-04-12 00:00:52.109000,4119.601,4118.945,2250,2250
2021-04-12 00:00:52.249000,4119.761,4118.952,2710,4190
2021-04-12 00:00:52.299000,4119.749,4119.042,2250,2250
2021-04-12 00:00:52.407000,4119.652,4119.043,2250,890
2021-04-12 00:00:52.457000,4119.649,4118.999,2250,2250
2021-04-12 00:00:52.831000,4119.552,4118.937,2250,890
2021-04-12 00:00:52.881000,4119.555,4118.845,2250,2250
2021-04-12 00:00:52.990000,4119.764,4118.843,2710,4190
2021-04-12 00:00:53.041000,4119.746,4119.039,2250,2250
2021-04-12 00:01:03.529000,4120.055,4119.333,2250,2250
2021-04-12 00:01:04.281000,4119.752,4119.331,2250,890
2021-04-12 00:01:04.332000,4119.758,4119.045,2250,2250
2021-04-12 00:01:05.723000,4119.558,4119.04,2250,890
2021-04-12 00:01:05.773000,4119.501,4118.848,2250,2250
2021-04-12 00:01:06.685000,4119.749,4118.846,2710,4190
2021-04-12 00:01:06.735000,4119.764,4119.033,2250,2250
2021-04-12 00:01:07.926000,4119.655,4119.037,2250,890
2021-04-12 00:01:07.976000,4119.652,4118.948,2250,2250
2021-04-12 00:01:08.086000,4119.701,4118.943,2710,4190
2021-04-12 00:01:08.136000,4119.761,4119.033,2250,2250
2021-04-12 00:01:08.482000,4119.564,4119.097,2250,890
2021-04-12 00:01:08.532000,4119.558,4118.845,2250,2250
2021-04-12 00:01:11.490000,4119.258,4118.897,2250,890
2021-04-12 00:01:11.541000,4119.264,4118.599,2250,2250
2021-04-12 00:01:12.505000,4119.564,4118.534,2710,4190
2021-04-12 00:01:12.555000,4119.555,4118.845,2250,2250
2021-04-12 00:01:14.630000,4119.455,4118.852,2250,890
2021-04-12 00:01:14.681000,4119.455,4118.748,2250,2250
2021-04-12 00:01:14.790000,4119.555,4118.752,2710,4190
2021-04-12 00:01:14.840000,4119.555,4118.848,2250,2250
2021-04-12 00:01:23.141000,4119.446,4118.837,2250,890
2021-04-12 00:01:23.191000,4119.452,4118.742,2250,2250
2021-04-12 00:01:23.334000,4119.567,4118.833,2250,2250
2021-04-12 00:01:25.212000,4119.249,4118.834,2250,890
2021-04-12 00:01:25.263000,4119.267,4118.554,2250,2250
2021-04-12 00:01:29.512000,4119.546,4118.534,2710,4190
2021-04-12 00:01:29.562000,4119.567,4118.899,2250,2250
2021-04-12 00:01:29.990000,4119.201,4118.852,2250,890
2021-04-12 00:01:30.040000,4119.255,4118.533,2250,2250
2021-04-12 00:01:32.631000,4119.546,4118.597,2710,4190
2021-04-12 00:01:32.681000,4119.561,4118.845,2250,2250
2021-04-12 00:01:32.791000,4119.264,4118.831,2250,890
2021-04-12 00:01:32.841000,4119.252,4118.536,2250,2250
2021-04-12 00:01:33.974000,4119.046,4118.531,2250,890
2021-04-12 00:01:34.025000,4119.055,4118.345,2250,2250
2021-04-12 00:01:39.593000,4119.149,4118.397,2710,4190
2021-04-12 00:01:39.643000,4119.164,4118.448,2250,2250
2021-04-12 00:01:40.017000,4119.067,4118.437,2250,890
2021-04-12 00:01:40.067000,4119.049,4118.336,2250,2250
2021-04-12 00:01:40.529000,4119.255,4118.334,2710,4190
2021-04-12 00:01:40.579000,4119.201,4118.539,2250,2250
2021-04-12 00:01:40.689000,4119.067,4118.54,2250,890
2021-04-12 00:01:40.739000,4119.055,4118.333,2250,2250
2021-04-12 00:01:46.125000,4119.052,4118.497,2250,890
2021-04-12 00:01:46.175000,4119.167,4118.499,2250,2250
2021-04-12 00:01:46.776000,4119.258,4118.545,2250,2250
2021-04-12 00:01:47.766000,4119.055,4118.342,2250,2250
2021-04-12 00:01:52.618000,4118.949,4118.331,2250,890
2021-04-12 00:01:52.668000,4118.964,4118.248,2250,2250
2021-04-12 00:01:53.141000,4119.046,4118.252,2710,4190
2021-04-12 00:01:53.192000,4119.067,4118.342,2250,2250
2021-04-12 00:01:53.300000,4118.949,4118.34,2250,890
2021-04-12 00:01:53.350000,4118.901,4118.239,2250,2250
2021-04-12 00:01:54.192000,4118.767,4118.246,2250,890
2021-04-12 00:01:54.243000,4118.746,4118.039,2250,2250
2021-04-12 00:01:58.000000,4118.567,4117.833,2250,2250
2021-04-12 00:01:59.354000,4118.255,4117.897,2250,890
2021-04-12 00:01:59.404000,4118.252,4117.554,2250,2250
2021-04-12 00:02:01.981000,4118.058,4117.534,2250,890
2021-04-12 00:02:02.032000,4118.049,4117.345,2250,2250
2021-04-12 00:02:04.604000,4118.264,4117.599,2250,2250
2021-04-12 00:02:04.935000,4118.058,4117.399,2250,2250
2021-04-12 00:02:06.482000,4118.152,4117.397,2710,4190
2021-04-12 00:02:06.532000,4118.161,4117.499,2250,2250
2021-04-12 00:02:06.648000,4118.061,4117.497,2250,890
2021-04-12 00:02:06.698000,4118.061,4117.351,2250,2250
2021-04-12 00:02:08.739000,4118.201,4117.331,2710,4190
2021-04-12 00:02:08.790000,4118.201,4117.554,2250,2250
2021-04-12 00:02:09.060000,4118.058,4117.552,2250,890
2021-04-12 00:02:09.110000,4118.046,4117.351,2250,2250
2021-04-12 00:02:09.701000,4118.149,4117.397,2710,4190
2021-04-12 00:02:09.751000,4118.146,4117.448,2250,2250
2021-04-12 00:02:10.020000,4118.252,4117.434,2710,4190
2021-04-12 00:02:10.071000,4118.264,4117.545,2250,2250
2021-04-12 00:02:10.341000,4118.149,4117.543,2250,890
2021-04-12 00:02:10.392000,4118.149,4117.436,2250,2250
2021-04-12 00:02:10.550000,4118.061,4117.336,2250,2250
2021-04-12 00:02:10.662000,4118.264,4117.346,2710,4190
2021-04-12 00:02:10.712000,4118.246,4117.551,2250,2250
2021-04-12 00:02:12.782000,4118.064,4117.549,2250,890
2021-04-12 00:02:12.833000,4118.067,4117.351,2250,2250
2021-04-12 00:02:16.390000,4118.164,4117.349,2710,4190
2021-04-12 00:02:16.440000,4118.158,4117.448,2250,2250
2021-04-12 00:02:16.550000,4118.064,4117.449,2250,890
2021-04-12 00:02:16.601000,4118.055,4117.399,2250,2250
2021-04-12 00:02:22.767000,4118.255,4117.545,2250,2250
2021-04-12 00:02:41.251000,4118.167,4117.454,2250,2250
2021-04-12 00:02:41.364000,4118.064,4117.449,2250,890
2021-04-12 00:02:41.414000,4118.001,4117.336,2250,2250
2021-04-12 00:02:46.348000,4118.255,4117.343,2710,4190
2021-04-12 00:02:46.398000,4118.246,4117.548,2250,2250
2021-04-12 00:02:46.660000,4118.167,4117.537,2250,890
2021-04-12 00:02:46.710000,4118.101,4117.445,2250,2250
2021-04-12 00:02:47.575000,4118.055,4117.443,2250,890
2021-04-12 00:02:47.625000,4118.055,4117.336,2250,2250
2021-04-12 00:02:54.885000,4117.755,4117.331,2250,890
2021-04-12 00:02:54.935000,4117.761,4117.042,2250,2250
2021-04-12 00:03:02.398000,4117.549,4116.899,2250,2250
2021-04-12 00:03:05.038000,4117.764,4117.051,2250,2250
2021-04-12 00:03:08.936000,4117.501,4117.097,2250,890
2021-04-12 00:03:08.987000,4117.546,4116.842,2250,2250
2021-04-12 00:03:09.328000,4117.655,4116.945,2250,2250
2021-04-12 00:03:09.472000,4117.564,4116.934,2250,890
2021-04-12 00:03:09.523000,4117.561,4116.845,2250,2250
2021-04-12 00:03:10.114000,4117.701,4116.834,2710,4190
2021-04-12 00:03:10.164000,4117.767,4117.051,2250,2250
2021-04-12 00:03:10.434000,4117.646,4117.034,2250,890
2021-04-12 00:03:10.484000,4117.652,4116.939,2250,2250
2021-04-12 00:03:10.592000,4117.558,4116.94,2250,890
2021-04-12 00:03:10.643000,4117.549,4116.845,2250,2250
2021-04-12 00:03:13.541000,4117.755,4116.849,2710,4190
2021-04-12 00:03:13.591000,4117.761,4117.099,2250,2250
2021-04-12 00:03:31.647000,4117.667,4117.097,2250,890
2021-04-12 00:03:31.697000,4117.646,4116.939,2250,2250
2021-04-12 00:03:31.807000,4117.767,4116.931,2710,4190
2021-04-12 00:03:31.857000,4117.746,4117.045,2250,2250
2021-04-12 00:03:34.777000,4117.655,4117.097,2250,890
2021-04-12 00:03:34.827000,4117.664,4116.939,2250,2250
2021-04-12 00:03:35.104000,4117.564,4116.833,2250,2250
2021-04-12 00:03:39.095000,4117.501,4117.04,2250,890
2021-04-12 00:03:39.145000,4117.758,4117.033,2250,2250
2021-04-12 00:03:40.825000,4117.961,4117.034,2710,4190
2021-04-12 00:03:40.875000,4117.964,4117.236,2250,2250
2021-04-12 00:03:40.983000,4117.761,4117.243,2250,890
2021-04-12 00:03:41.033000,4117.764,4117.036,2250,2250
2021-04-12 00:03:52.316000,4117.501,4117.04,2250,890
2021-04-12 00:03:52.366000,4117.561,4116.833,2250,2250
2021-04-12 00:03:56.929000,4117.761,4116.849,2710,4190
2021-04-12 00:03:56.979000,4117.749,4117.048,2250,2250
2021-04-12 00:04:02.347000,4117.546,4117.097,2250,890
2021-04-12 00:04:02.397000,4117.555,4116.842,2250,2250
2021-04-12 00:04:08.813000,4117.661,4116.849,2710,4190
2021-04-12 00:04:08.863000,4117.655,4116.948,2250,2250
2021-04-12 00:04:08.977000,4117.761,4116.949,2710,4190
2021-04-12 00:04:09.027000,4117.746,4117.099,2250,2250
2021-04-12 00:04:14.816000,4117.549,4117.04,2250,890
2021-04-12 00:04:14.866000,4117.567,4116.848,2250,2250
2021-04-12 00:04:17.252000,4117.258,4116.834,2250,890
2021-04-12 00:04:17.302000,4117.267,4116.551,2250,2250
2021-04-12 00:04:20.705000,4117.546,4116.552,2710,4190
2021-04-12 00:04:20.756000,4117.546,4116.854,2250,2250
2021-04-12 00:04:27.491000,4117.746,4116.834,2710,4190
2021-04-12 00:04:27.541000,4117.752,4117.054,2250,2250
2021-04-12 00:04:27.651000,4117.567,4117.046,2250,890
2021-04-12 00:04:27.702000,4117.549,4116.839,2250,2250
2021-04-12 00:04:30.578000,4117.649,4116.831,2710,4190
2021-04-12 00:04:30.628000,4117.667,4116.945,2250,2250
2021-04-12 00:04:31.401000,4117.552,4116.943,2250,890
2021-04-12 00:04:31.451000,4117.558,4116.854,2250,2250
2021-04-12 00:04:31.561000,4117.761,4116.831,2710,4190
2021-04-12 00:04:31.612000,4117.752,4117.039,2250,2250
2021-04-12 00:04:34.759000,4117.955,4117.046,2710,4190
2021-04-12 00:04:34.809000,4117.958,4117.236,2250,2250
2021-04-12 00:04:34.918000,4117.755,4117.252,2250,890
2021-04-12 00:04:34.968000,4117.764,4117.045,2250,2250
2021-04-12 00:04:37.839000,4117.558,4117.052,2250,890
2021-04-12 00:04:37.889000,4117.564,4116.839,2250,2250
2021-04-12 00:04:39.304000,4117.749,4116.837,2710,4190
2021-04-12 00:04:39.355000,4117.764,4117.039,2250,2250
2021-04-12 00:04:40.802000,4117.949,4117.046,2710,4190
2021-04-12 00:04:40.852000,4117.958,4117.254,2250,2250
2021-04-12 00:04:40.959000,4117.758,4117.231,2250,890
2021-04-12 00:04:41.010000,4117.701,4117.042,2250,2250
2021-04-12 00:04:44.097000,4117.546,4116.851,2250,2250
2021-04-12 00:04:45.987000,4117.664,4116.897,2710,4190
2021-04-12 00:04:46.037000,4117.601,4116.999,2250,2250
2021-04-12 00:04:46.145000,4117.755,4116.997,2710,4190
2021-04-12 00:04:46.195000,4117.746,4117.045,2250,2250
2021-04-12 00:04:49.834000,4118.046,4117.034,2710,4190
2021-04-12 00:04:49.884000,4118.064,4117.342,2250,2250
2021-04-12 00:04:50.039000,4117.955,4117.248,2250,2250
2021-04-12 00:04:50.191000,4118.049,4117.231,2710,4190
2021-04-12 00:04:50.241000,4118.049,4117.348,2250,2250
2021-04-12 00:04:52.258000,4117.961,4117.343,2250,890
2021-04-12 00:04:52.308000,4117.946,4117.245,2250,2250
2021-04-12 00:04:52.419000,4117.752,4117.297,2250,890
2021-04-12 00:04:52.469000,4117.701,4117.099,2250,2250
2021-04-12 00:04:52.801000,4118.046,4117.031,2710,4190
2021-04-12 00:04:52.852000,4118.064,4117.354,2250,2250
2021-04-12 00:04:52.960000,4117.701,4117.334,2250,890
2021-04-12 00:04:53.010000,4117.749,4117.042,2250,2250
2021-04-12 00:04:53.442000,4118.001,4117.097,2710,4190
2021-04-12 00:04:53.492000,4118.052,4117.336,2250,2250
2021-04-12 00:04:53.601000,4117.955,4117.352,2250,890
2021-04-12 00:04:53.651000,4117.964,4117.251,2250,2250
2021-04-12 00:04:53.762000,4118.049,4117.231,2710,4190
2021-04-12 00:04:53.812000,4118.055,4117.354,2250,2250
2021-04-12 00:04:55.773000,4117.955,4117.337,2250,890
2021-04-12 00:04:55.823000,4117.901,4117.299,2250,2250
2021-04-12 00:04:55.982000,4117.701,4117.039,2250,2250
2021-04-12 00:04:56.582000,4118.055,4117.049,2710,4190
2021-04-12 00:04:56.632000,4118.052,4117.342,2250,2250
2021-04-12 00:04:57.749000,4117.949,4117.34,2250,890
2021-04-12 00:04:57.799000,4117.961,4117.239,2250,2250
2021-04-12 00:04:57.910000,4118.064,4117.243,2710,4190
2021-04-12 00:04:57.960000,4118.049,4117.354,2250,2250
2021-04-12 00:04:58.070000,4117.767,4117.337,2250,890
2021-04-12 00:04:58.120000,4117.749,4117.054,2250,2250
2021-04-12 00:04:58.229000,4118.046,4117.049,2710,4190
2021-04-12 00:04:58.280000,4118.001,4117.339,2250,2250
2021-04-12 00:05:02.134000,4117.946,4117.346,2250,890
2021-04-12 00:05:02.184000,4117.964,4117.254,2250,2250
2021-04-12 00:05:02.454000,4117.746,4117.252,2250,890
2021-04-12 00:05:02.505000,4117.701,4117.051,2250,2250
2021-04-12 00:05:06.746000,4118.046,4117.031,2710,4190
2021-04-12 00:05:06.796000,4118.052,4117.333,2250,2250
2021-04-12 00:05:08.579000,4118.249,4117.397,2710,4190
2021-04-12 00:05:08.629000,4118.252,4117.533,2250,2250
2021-04-12 00:05:08.740000,4118.064,4117.546,2250,890
2021-04-12 00:05:08.790000,4118.049,4117.342,2250,2250
2021-04-12 00:05:09.901000,4118.261,4117.331,2710,4190
2021-04-12 00:05:09.951000,4118.264,4117.599,2250,2250
2021-04-12 00:05:14.468000,4118.561,4117.854,2250,2250
2021-04-12 00:05:15.588000,4118.761,4117.849,2710,4190
2021-04-12 00:05:15.638000,4118.749,4118.054,2250,2250
2021-04-12 00:05:17.039000,4119.061,4118.037,2710,4190
2021-04-12 00:05:17.090000,4119.061,4118.336,2250,2250
2021-04-12 00:05:20.118000,4118.701,4118.349,2250,890
2021-04-12 00:05:20.169000,4118.701,4118.033,2250,2250
2021-04-12 00:05:21.238000,4119.046,4118.052,2710,4190
2021-04-12 00:05:21.289000,4119.061,4118.351,2250,2250
2021-04-12 00:05:21.404000,4118.701,4118.099,2250,2250
2021-04-12 00:05:21.557000,4119.061,4118.046,2710,4190
2021-04-12 00:05:21.608000,4119.049,4118.348,2250,2250
2021-04-12 00:05:22.519000,4118.761,4118.349,2250,890
2021-04-12 00:05:22.569000,4118.752,4118.039,2250,2250
2021-04-12 00:05:22.724000,4119.058,4118.339,2250,2250
2021-04-12 00:05:25.241000,4118.749,4118.337,2250,890
2021-04-12 00:05:25.291000,4118.746,4118.099,2250,2250
2021-04-12 00:05:26.551000,4119.058,4118.052,2710,4190
2021-04-12 00:05:26.601000,4119.052,4118.399,2250,2250
2021-04-12 00:05:26.709000,4118.752,4118.34,2250,890
2021-04-12 00:05:26.760000,4118.767,4118.051,2250,2250
2021-04-12 00:05:28.125000,4119.001,4118.04,2710,4190
2021-04-12 00:05:28.176000,4119.052,4118.399,2250,2250
2021-04-12 00:05:28.786000,4118.967,4118.352,2250,890
2021-04-12 00:05:28.836000,4118.946,4118.254,2250,2250
2021-04-12 00:05:29.232000,4118.752,4118.243,2250,890
2021-04-12 00:05:29.283000,4118.746,4118.099,2250,2250
2021-04-12 00:05:29.573000,4118.961,4118.245,2250,2250
2021-04-12 00:05:29.893000,4118.761,4118.24,2250,890
2021-04-12 00:05:29.945000,4118.701,4118.045,2250,2250
2021-04-12 00:05:31.655000,4118.946,4118.049,2710,4190
2021-04-12 00:05:31.705000,4118.961,4118.245,2250,2250
2021-04-12 00:05:32.350000,4119.001,4118.297,2710,4190
2021-04-12 00:05:32.400000,4119.052,4118.342,2250,2250
2021-04-12 00:05:32.838000,4118.967,4118.34,2250,890
2021-04-12 00:05:32.889000,4118.958,4118.248,2250,2250
2021-04-12 00:05:33.200000,4118.701,4118.234,2250,890
2021-04-12 00:05:33.250000,4118.761,4118.051,2250,2250
2021-04-12 00:05:33.783000,4118.946,4118.097,2710,4190
2021-04-12 00:05:33.833000,4118.952,4118.239,2250,2250
2021-04-12 00:05:34.176000,4118.746,4118.249,2250,890
2021-04-12 00:05:34.227000,4118.755,4118.054,2250,2250
2021-04-12 00:05:34.338000,4119.052,4118.052,2710,4190
2021-04-12 00:05:34.388000,4119.064,4118.336,2250,2250
2021-04-12 00:05:34.656000,4118.764,4118.346,2250,890
2021-04-12 00:05:34.707000,4118.746,4118.045,2250,2250
2021-04-12 00:05:34.817000,4119.067,4118.034,2710,4190
2021-04-12 00:05:34.867000,4119.064,4118.354,2250,2250
2021-04-12 00:05:35.301000,4118.767,4118.334,2250,890
2021-04-12 00:05:35.351000,4118.749,4118.039,2250,2250
2021-04-12 00:05:37.764000,4118.549,4118.034,2250,890
2021-04-12 00:05:37.815000,4118.546,4117.851,2250,2250
2021-04-12 00:05:39.697000,4118.749,4117.897,2710,4190
2021-04-12 00:05:39.748000,4118.755,4118.054,2250,2250
2021-04-12 00:05:39.890000,4118.558,4117.845,2250,2250
2021-04-12 00:05:40.221000,4118.749,4118.099,2250,2250
2021-04-12 00:05:42.318000,4118.501,4118.097,2250,890
2021-04-12 00:05:42.368000,4118.546,4117.839,2250,2250
2021-04-12 00:05:53.553000,4118.258,4117.897,2250,890
2021-04-12 00:05:53.603000,4118.252,4117.551,2250,2250
2021-04-12 00:06:00.439000,4118.152,4117.543,2250,890
2021-04-12 00:06:00.489000,4118.158,4117.436,2250,2250
2021-04-12 00:06:00.921000,4118.267,4117.431,2710,4190
2021-04-12 00:06:00.971000,4118.258,4117.548,2250,2250
2021-04-12 00:06:02.482000,4118.049,4117.597,2250,890
2021-04-12 00:06:02.532000,4118.061,4117.351,2250,2250
2021-04-12 00:06:03.653000,4118.252,4117.533,2250,2250
2021-04-12 00:06:17.097000,4118.152,4117.597,2250,890
2021-04-12 00:06:17.147000,4118.155,4117.445,2250,2250
2021-04-12 00:06:17.255000,4118.001,4117.44,2250,890
2021-04-12 00:06:17.305000,4118.049,4117.348,2250,2250
2021-04-12 00:06:18.265000,4118.158,4117.337,2710,4190
2021-04-12 00:06:18.315000,4118.149,4117.448,2250,2250
2021-04-12 00:06:18.879000,4118.267,4117.431,2710,4190
2021-04-12 00:06:18.930000,4118.264,4117.545,2250,2250
2021-04-12 00:06:33.384000,4118.152,4117.54,2250,890
2021-04-12 00:06:33.434000,4118.164,4117.433,2250,2250
2021-04-12 00:06:33.546000,4118.258,4117.434,2710,4190
2021-04-12 00:06:33.596000,4118.252,4117.539,2250,2250
2021-04-12 00:06:34.067000,4118.046,4117.549,2250,890
2021-04-12 00:06:34.117000,4118.052,4117.339,2250,2250
2021-04-12 00:06:38.371000,4118.146,4117.352,2710,4190
2021-04-12 00:06:38.422000,4118.164,4117.439,2250,2250
2021-04-12 00:06:38.532000,4118.246,4117.452,2710,4190
2021-04-12 00:06:38.582000,4118.267,4117.536,2250,2250
2021-04-12 00:06:40.295000,4118.055,4117.354,2250,2250
2021-04-12 00:06:46.237000,4118.264,4117.548,2250,2250
2021-04-12 00:06:51.526000,4118.064,4117.534,2250,890
2021-04-12 00:06:51.576000,4118.052,4117.345,2250,2250
2021-04-12 00:06:57.033000,4117.758,4117.343,2250,890
2021-04-12 00:06:57.084000,4117.758,4117.051,2250,2250
2021-04-12 00:06:57.698000,4117.949,4117.052,2710,4190
2021-04-12 00:06:57.749000,4117.967,4117.236,2250,2250
2021-04-12 00:06:57.859000,4117.752,4117.243,2250,890
2021-04-12 00:06:57.909000,4117.746,4117.042,2250,2250
2021-04-12 00:06:58.448000,4117.964,4117.299,2250,2250
2021-04-12 00:06:59.241000,4118.058,4117.297,2710,4190
2021-04-12 00:06:59.291000,4118.046,4117.336,2250,2250
2021-04-12 00:06:59.439000,4117.764,4117.051,2250,2250
2021-04-12 00:06:59.557000,4118.061,4117.049,2710,4190
2021-04-12 00:06:59.607000,4118.055,4117.348,2250,2250
2021-04-12 00:06:59.718000,4117.758,4117.397,2250,890
2021-04-12 00:06:59.768000,4117.752,4117.048,2250,2250
2021-04-12 00:07:01.010000,4117.564,4117.052,2250,890
2021-04-12 00:07:01.060000,4117.567,4116.839,2250,2250
2021-04-12 00:07:01.489000,4117.455,4116.843,2250,890
2021-04-12 00:07:01.539000,4117.455,4116.739,2250,2250
2021-04-12 00:07:01.648000,4117.552,4116.746,2710,4190
2021-04-12 00:07:01.698000,4117.549,4116.845,2250,2250
2021-04-12 00:07:02.410000,4117.401,4116.733,2250,2250
2021-04-12 00:07:02.539000,4117.501,4116.752,2710,4190
2021-04-12 00:07:02.590000,4117.561,4116.851,2250,2250
2021-04-12 00:07:04.095000,4117.455,4116.852,2250,890
2021-04-12 00:07:04.145000,4117.458,4116.742,2250,2250
2021-04-12 00:07:04.256000,4117.255,4116.737,2250,890
2021-04-12 00:07:04.306000,4117.252,4116.551,2250,2250
2021-04-12 00:07:07.241000,4117.046,4116.543,2250,890
2021-04-12 00:07:07.291000,4117.049,4116.399,2250,2250
2021-04-12 00:07:07.723000,4117.267,4116.346,2710,4190
2021-04-12 00:07:07.773000,4117.255,4116.539,2250,2250
2021-04-12 00:07:08.177000,4117.155,4116.546,2250,890
2021-04-12 00:07:08.227000,4117.152,4116.445,2250,2250
2021-04-12 00:07:08.496000,4117.252,4116.437,2710,4190
2021-04-12 00:07:08.546000,4117.261,4116.536,2250,2250
2021-04-12 00:07:20.577000,4117.558,4116.531,2710,4190
2021-04-12 00:07:20.627000,4117.546,4116.839,2250,2250
2021-04-12 00:07:21.576000,4117.252,4116.843,2250,890
2021-04-12 00:07:21.626000,4117.252,4116.533,2250,2250
2021-04-12 00:07:22.805000,4117.555,4116.531,2710,4190
2021-04-12 00:07:22.855000,4117.552,4116.899,2250,2250
2021-04-12 00:07:27.725000,4117.746,4117.039,2250,2250
2021-04-12 00:07:46.057000,4118.061,4117.043,2710,4190
2021-04-12 00:07:46.107000,4118.001,4117.339,2250,2250
2021-04-12 00:07:46.536000,4117.955,4117.349,2250,890
2021-04-12 00:07:46.586000,4117.955,4117.254,2250,2250
2021-04-12 00:07:46.698000,4117.701,4117.249,2250,890
2021-04-12 00:07:46.748000,4117.761,4117.036,2250,2250
2021-04-12 00:07:46.859000,4117.752,4117.343,2250,890
2021-04-12 00:07:46.909000,4118.058,4117.399,2250,2250
2021-04-12 00:07:47.513000,4117.952,4117.337,2250,890
2021-04-12 00:07:47.563000,4117.949,4117.254,2250,2250
2021-04-12 00:07:48.061000,4118.046,4117.249,2710,4190
2021-04-12 00:07:48.111000,4118.055,4117.351,2250,2250
2021-04-12 00:07:48.957000,4117.761,4117.033,2250,2250
2021-04-12 00:07:51.975000,4117.501,4117.046,2250,890
2021-04-12 00:07:52.025000,4117.555,4116.899,2250,2250
2021-04-12 00:07:52.133000,4117.658,4116.852,2710,4190
2021-04-12 00:07:52.184000,4117.601,4116.999,2250,2250
2021-04-12 00:07:52.315000,4117.755,4116.952,2710,4190
2021-04-12 00:07:52.365000,4117.761,4117.099,2250,2250
2021-04-12 00:07:52.793000,4117.561,4117.046,2250,890
2021-04-12 00:07:52.844000,4117.558,4116.833,2250,2250
2021-04-12 00:07:57.624000,4117.761,4116.846,2710,4190
2021-04-12 00:07:57.674000,4117.758,4117.042,2250,2250
2021-04-12 00:08:00.929000,4117.664,4117.046,2250,890
2021-04-12 00:08:00.979000,4117.652,4116.939,2250,2250
2021-04-12 00:08:01.079000,4117.749,4116.931,2710,4190
2021-04-12 00:08:01.129000,4117.761,4117.054,2250,2250
2021-04-12 00:08:06.778000,4117.501,4116.839,2250,2250
2021-04-12 00:08:06.914000,4117.646,4116.831,2710,4190
2021-04-12 00:08:06.964000,4117.649,4116.942,2250,2250
2021-04-12 00:08:07.619000,4117.758,4116.946,2710,4190
2021-04-12 00:08:07.670000,4117.752,4117.036,2250,2250
2021-04-12 00:08:10.078000,4117.667,4116.951,2250,2250
2021-04-12 00:08:10.285000,4117.755,4116.949,2710,4190
2021-04-12 00:08:10.335000,4117.758,4117.039,2250,2250
2021-04-12 00:08:16.909000,4118.055,4117.046,2710,4190
2021-04-12 00:08:16.959000,4118.046,4117.348,2250,2250
2021-04-12 00:08:17.069000,4117.958,4117.346,2250,890
2021-04-12 00:08:17.120000,4117.964,4117.236,2250,2250
2021-04-12 00:08:17.227000,4117.767,4117.243,2250,890
2021-04-12 00:08:17.278000,4117.746,4117.048,2250,2250
2021-04-12 00:08:18.275000,4117.961,4117.097,2710,4190
2021-04-12 00:08:18.325000,4117.958,4117.299,2250,2250
2021-04-12 00:08:18.435000,4117.752,4117.234,2250,890
2021-04-12 00:08:18.485000,4117.761,4117.042,2250,2250
2021-04-12 00:08:19.406000,4117.964,4117.097,2710,4190
2021-04-12 00:08:19.456000,4117.901,4117.236,2250,2250
2021-04-12 00:08:19.860000,4118.001,4117.234,2710,4190
2021-04-12 00:08:19.910000,4118.058,4117.351,2250,2250
2021-04-12 00:08:21.636000,4118.249,4117.397,2710,4190
2021-04-12 00:08:21.687000,4118.261,4117.599,2250,2250
2021-04-12 00:08:21.794000,4118.046,4117.549,2250,890
2021-04-12 00:08:21.844000,4118.052,4117.351,2250,2250
2021-04-12 00:08:29.428000,4118.264,4117.352,2710,4190
2021-04-12 00:08:29.479000,4118.255,4117.551,2250,2250
2021-04-12 00:08:31.203000,4118.064,4117.342,2250,2250
2021-04-12 00:08:49.902000,4118.261,4117.334,2710,4190
2021-04-12 00:08:49.952000,4118.249,4117.548,2250,2250
2021-04-12 00:08:53.133000,4118.164,4117.54,2250,890
2021-04-12 00:08:53.183000,4118.146,4117.436,2250,2250
2021-04-12 00:08:54.349000,4118.252,4117.44,2710,4190
2021-04-12 00:08:54.399000,4118.246,4117.548,2250,2250
2021-04-12 00:09:01.119000,4118.001,4117.534,2250,890
2021-04-12 00:09:01.169000,4118.055,4117.399,2250,2250
2021-04-12 00:09:01.758000,4117.767,4117.349,2250,890
2021-04-12 00:09:01.808000,4117.767,4117.039,2250,2250
2021-04-12 00:09:02.239000,4118.001,4117.037,2710,4190
2021-04-12 00:09:02.289000,4118.064,4117.354,2250,2250
2021-04-12 00:09:02.399000,4117.767,4117.349,2250,890
2021-04-12 00:09:02.449000,4117.764,4117.045,2250,2250
2021-04-12 00:09:04.982000,4118.055,4117.097,2710,4190
2021-04-12 00:09:05.032000,4118.064,4117.333,2250,2250
2021-04-12 00:09:11.161000,4118.252,4117.343,2710,4190
2021-04-12 00:09:11.211000,4118.252,4117.533,2250,2250
2021-04-12 00:09:11.491000,4118.161,4117.552,2250,890
2021-04-12 00:09:11.541000,4118.158,4117.499,2250,2250
2021-04-12 00:09:11.941000,4118.064,4117.434,2250,890
2021-04-12 00:09:11.991000,4118.049,4117.351,2250,2250
2021-04-12 00:09:12.139000,4118.258,4117.551,2250,2250
2021-04-12 00:09:25.475000,4118.049,4117.552,2250,890
2021-04-12 00:09:25.526000,4118.049,4117.333,2250,2250
2021-04-12 00:09:46.818000,4118.258,4117.397,2710,4190
2021-04-12 00:09:46.868000,4118.246,4117.542,2250,2250
2021-04-12 00:09:47.790000,4118.046,4117.597,2250,890
2021-04-12 00:09:47.840000,4118.067,4117.354,2250,2250
2021-04-12 00:09:51.130000,4118.264,4117.346,2710,4190
2021-04-12 00:09:51.181000,4118.258,4117.554,2250,2250
2021-04-12 00:09:52.000000,4118.046,4117.537,2250,890
2021-04-12 00:09:52.050000,4118.001,4117.348,2250,2250
2021-04-12 00:10:00.350000,4118.267,4117.349,2710,4190
2021-04-12 00:10:00.401000,4118.258,4117.539,2250,2250
2021-04-12 00:10:02.481000,4118.252,4117.346,2710,4190
2021-04-12 00:10:02.531000,4118.049,4117.399,2250,2250
2021-04-12 00:10:04.954000,4118.255,4117.536,2250,2250
2021-04-12 00:10:09.307000,4118.555,4117.54,2710,4190
2021-04-12 00:10:09.357000,4118.549,4117.836,2250,2250
2021-04-12 00:10:09.787000,4118.261,4117.834,2250,890
2021-04-12 00:10:09.838000,4118.255,4117.533,2250,2250
2021-04-12 00:10:10.291000,4118.401,4117.552,2710,4190
2021-04-12 00:10:10.341000,4118.458,4117.745,2250,2250
2021-04-12 00:10:10.459000,4118.564,4117.797,2710,4190
2021-04-12 00:10:10.509000,4118.567,4117.845,2250,2250
2021-04-12 00:10:11.225000,4118.267,4117.533,2250,2250
2021-04-12 00:10:17.497000,4118.546,4117.854,2250,2250
2021-04-12 00:10:18.688000,4118.255,4117.897,2250,890
2021-04-12 00:10:18.738000,4118.258,4117.551,2250,2250
2021-04-12 00:10:21.002000,4118.564,4117.597,2710,4190
2021-04-12 00:10:21.052000,4118.564,4117.839,2250,2250
2021-04-12 00:10:24.293000,4118.449,4117.84,2250,890
2021-04-12 00:10:24.344000,4118.467,4117.751,2250,2250
2021-04-12 00:10:24.600000,4118.546,4117.734,2710,4190
2021-04-12 00:10:24.650000,4118.558,4117.848,2250,2250
2021-04-12 00:10:25.936000,4118.452,4117.834,2250,890
2021-04-12 00:10:25.986000,4118.458,4117.739,2250,2250
2021-04-12 00:10:26.332000,4118.261,4117.797,2250,890
2021-04-12 00:10:26.382000,4118.264,4117.539,2250,2250
2021-04-12 00:10:39.864000,4118.052,4117.537,2250,890
2021-04-12 00:10:39.915000,4118.064,4117.399,2250,2250
2021-04-12 00:10:40.183000,4117.949,4117.346,2250,890
2021-04-12 00:10:40.234000,4117.955,4117.254,2250,2250
2021-04-12 00:10:40.344000,4117.761,4117.252,2250,890
2021-04-12 00:10:40.395000,4117.749,4117.051,2250,2250
2021-04-12 00:10:50.879000,4118.055,4117.037,2710,4190
2021-04-12 00:10:50.929000,4118.067,4117.339,2250,2250
2021-04-12 00:10:51.201000,4117.701,4117.331,2250,890
2021-04-12 00:10:51.251000,4117.746,4117.036,2250,2250
2021-04-12 00:10:55.874000,4117.561,4117.037,2250,890
2021-04-12 00:10:55.924000,4117.567,4116.842,2250,2250
2021-04-12 00:11:02.546000,4117.258,4116.843,2250,890
2021-04-12 00:11:02.596000,4117.258,4116.551,2250,2250
2021-04-12 00:11:04.303000,4117.564,4116.537,2710,4190
2021-04-12 00:11:04.353000,4117.552,4116.833,2250,2250
2021-04-12 00:11:05.570000,4117.246,4116.834,2250,890
2021-04-12 00:11:05.620000,4117.252,4116.536,2250,2250
2021-04-12 00:11:21.231000,4117.555,4116.854,2250,2250
2021-04-12 00:11:23.212000,4117.252,4116.599,2250,2250
2021-04-12 00:11:27.171000,4117.501,4116.836,2250,2250
2021-04-12 00:11:35.851000,4117.252,4116.843,2250,890
2021-04-12 00:11:35.902000,4117.252,4116.599,2250,2250
2021-04-12 00:11:46.438000,4117.552,4116.546,2710,4190
2021-04-12 00:11:46.489000,4117.561,4116.845,2250,2250
2021-04-12 00:11:57.387000,4117.746,4116.849,2710,4190
2021-04-12 00:11:57.437000,4117.752,4117.048,2250,2250
2021-04-12 00:12:03.323000,4117.546,4117.043,2250,890
2021-04-12 00:12:03.373000,4117.561,4116.854,2250,2250
2021-04-12 00:12:04.735000,4117.764,4116.852,2710,4190
2021-04-12 00:12:04.786000,4117.764,4117.036,2250,2250
2021-04-12 00:12:06.921000,4117.558,4116.836,2250,2250
2021-04-12 00:12:08.042000,4117.255,4116.831,2250,890
2021-04-12 00:12:08.092000,4117.246,4116.548,2250,2250
2021-04-12 00:12:12.272000,4117.055,4116.597,2250,890
2021-04-12 00:12:12.322000,4117.046,4116.348,2250,2250
2021-04-12 00:12:14.277000,4116.749,4116.331,2250,890
2021-04-12 00:12:14.327000,4116.701,4116.036,2250,2250
2021-04-12 00:12:16.356000,4117.052,4116.354,2250,2250
2021-04-12 00:12:17.368000,4116.967,4116.343,2250,890
2021-04-12 00:12:17.418000,4116.955,4116.236,2250,2250
2021-04-12 00:12:18.097000,4116.764,4116.249,2250,890
2021-04-12 00:12:18.148000,4116.761,4116.048,2250,2250
2021-04-12 00:12:18.996000,4117.046,4116.351,2250,2250
2021-04-12 00:12:20.727000,4117.252,4116.343,2710,4190
2021-04-12 00:12:20.777000,4117.249,4116.533,2250,2250
2021-04-12 00:12:23.069000,4117.146,4116.54,2250,890
2021-04-12 00:12:23.120000,4117.152,4116.448,2250,2250
2021-04-12 00:12:23.230000,4117.058,4116.443,2250,890
2021-04-12 00:12:23.280000,4117.067,4116.399,2250,2250
2021-04-12 00:12:23.410000,4117.161,4116.334,2710,4190
2021-04-12 00:12:23.461000,4117.155,4116.439,2250,2250
2021-04-12 00:12:23.569000,4117.252,4116.452,2710,4190
2021-04-12 00:12:23.619000,4117.267,4116.536,2250,2250
2021-04-12 00:12:26.689000,4117.558,4116.534,2710,4190
2021-04-12 00:12:26.739000,4117.546,4116.842,2250,2250
2021-04-12 00:12:28.389000,4117.401,4116.897,2250,890
2021-04-12 00:12:28.440000,4117.464,4116.742,2250,2250
2021-04-12 00:12:29.101000,4117.252,4116.731,2250,890
2021-04-12 00:12:29.151000,4117.249,4116.542,2250,2250
2021-04-12 00:12:41.299000,4117.052,4116.552,2250,890
2021-04-12 00:12:41.349000,4117.067,4116.336,2250,2250
2021-04-12 00:12:51.349000,4116.746,4116.048,2250,2250
2021-04-12 00:12:55.645000,4117.049,4116.043,2710,4190
2021-04-12 00:12:55.695000,4117.061,4116.348,2250,2250
2021-04-12 00:13:02.413000,4116.746,4116.346,2250,890
2021-04-12 00:13:02.463000,4116.764,4116.051,2250,2250
2021-04-12 00:13:08.095000,4116.761,4115.937,2710,4190
2021-04-12 00:13:08.145000,4116.652,4115.933,2250,2250
2021-04-12 00:13:08.259000,4116.655,4116.031,2250,890
2021-04-12 00:13:08.310000,4116.761,4116.033,2250,2250
2021-04-12 00:13:21.222000,4116.501,4116.031,2250,890
2021-04-12 00:13:21.272000,4116.555,4115.851,2250,2250
2021-04-12 00:13:29.473000,4116.749,4115.834,2710,4190
2021-04-12 00:13:29.524000,4116.767,4116.036,2250,2250
2021-04-12 00:13:32.465000,4116.501,4116.043,2250,890
2021-04-12 00:13:32.516000,4116.549,4115.836,2250,2250
2021-04-12 00:13:37.559000,4116.467,4115.745,2250,2250
2021-04-12 00:13:38.555000,4116.561,4115.743,2710,4190
2021-04-12 00:13:38.605000,4116.501,4115.899,2250,2250
2021-04-12 00:13:38.885000,4116.258,4115.831,2250,890
2021-04-12 00:13:38.936000,4116.258,4115.536,2250,2250
2021-04-12 00:13:39.599000,4116.561,4115.549,2710,4190
2021-04-12 00:13:39.650000,4116.567,4115.839,2250,2250
2021-04-12 00:13:41.787000,4116.452,4115.84,2250,890
2021-04-12 00:13:41.837000,4116.458,4115.748,2250,2250
2021-04-12 00:13:41.946000,4116.552,4115.797,2710,4190
2021-04-12 00:13:41.996000,4116.558,4115.899,2250,2250
2021-04-12 00:13:46.508000,4116.449,4115.84,2250,890
2021-04-12 00:13:46.559000,4116.452,4115.745,2250,2250
2021-04-12 00:13:46.866000,4116.564,4115.752,2710,4190
2021-04-12 00:13:46.916000,4116.564,4115.845,2250,2250
2021-04-12 00:13:47.186000,4116.264,4115.897,2250,890
2021-04-12 00:13:47.237000,4116.252,4115.539,2250,2250
2021-04-12 00:13:49.820000,4116.152,4115.546,2250,890
2021-04-12 00:13:49.871000,4116.149,4115.448,2250,2250
2021-04-12 00:13:49.981000,4116.058,4115.431,2250,890
2021-04-12 00:13:50.031000,4116.067,4115.342,2250,2250
2021-04-12 00:13:50.141000,4116.155,4115.331,2710,4190
2021-04-12 00:13:50.192000,4116.161,4115.448,2250,2250
2021-04-12 00:13:50.302000,4116.064,4115.437,2250,890
2021-04-12 00:13:50.352000,4116.064,4115.336,2250,2250
2021-04-12 00:13:54.662000,4115.749,4115.337,2250,890
2021-04-12 00:13:54.713000,4115.755,4115.099,2250,2250
2021-04-12 00:13:56.230000,4115.567,4115.037,2250,890
2021-04-12 00:13:56.280000,4115.555,4114.854,2250,2250
2021-04-12 00:13:56.930000,4115.752,4114.846,2710,4190
2021-04-12 00:13:56.980000,4115.761,4115.048,2250,2250
2021-04-12 00:13:57.890000,4116.058,4115.046,2710,4190
2021-04-12 00:13:57.940000,4116.058,4115.336,2250,2250
2021-04-12 00:14:01.539000,4115.949,4115.349,2250,890
2021-04-12 00:14:01.589000,4115.949,4115.248,2250,2250
2021-04-12 00:14:01.699000,4115.752,4115.243,2250,890
2021-04-12 00:14:01.750000,4115.701,4115.051,2250,2250
2021-04-12 00:14:02.020000,4116.001,4115.037,2710,4190
2021-04-12 00:14:02.070000,4116.049,4115.345,2250,2250
2021-04-12 00:14:02.499000,4115.749,4115.331,2250,890
2021-04-12 00:14:02.549000,4115.761,4115.033,2250,2250
2021-04-12 00:14:05.723000,4116.055,4115.046,2710,4190
2021-04-12 00:14:05.773000,4116.052,4115.339,2250,2250
2021-04-12 00:14:06.300000,4115.952,4115.397,2250,890
2021-04-12 00:14:06.350000,4115.952,4115.248,2250,2250
2021-04-12 00:14:06.460000,4115.701,4115.249,2250,890
2021-04-12 00:14:06.510000,4115.749,4115.051,2250,2250
2021-04-12 00:14:09.383000,4116.061,4115.031,2710,4190
2021-04-12 00:14:09.434000,4116.046,4115.354,2250,2250
2021-04-12 00:14:10.030000,4115.701,4115.346,2250,890
2021-04-12 00:14:10.080000,4115.701,4115.033,2250,2250
2021-04-12 00:14:11.051000,4115.949,4115.037,2710,4190
2021-04-12 00:14:11.102000,4115.901,4115.254,2250,2250
2021-04-12 00:14:11.230000,4115.758,4115.048,2250,2250
2021-04-12 00:14:22.613000,4115.501,4115.04,2250,890
2021-04-12 00:14:22.664000,4115.555,4114.845,2250,2250
2021-04-12 00:14:23.116000,4115.758,4115.099,2250,2250
2021-04-12 00:14:26.495000,4115.567,4115.043,2250,890
2021-04-12 00:14:26.545000,4115.561,4114.854,2250,2250
2021-04-12 00:14:30.776000,4115.246,4114.837,2250,890
2021-04-12 00:14:30.826000,4115.246,4114.548,2250,2250
2021-04-12 00:14:34.177000,4115.549,4114.537,2710,4190
2021-04-12 00:14:34.228000,4115.546,4114.842,2250,2250
2021-04-12 00:14:47.919000,4115.667,4114.849,2710,4190
2021-04-12 00:14:47.969000,4115.661,4114.999,2250,2250
2021-04-12 00:14:48.240000,4115.752,4114.94,2710,4190
2021-04-12 00:14:48.291000,4115.755,4115.042,2250,2250
2021-04-12 00:14:51.111000,4115.546,4115.052,2250,890
2021-04-12 00:14:51.162000,4115.567,4114.851,2250,2250
2021-04-12 00:14:51.506000,4115.755,4115.042,2250,2250
2021-04-12 00:14:54.502000,4115.946,4115.04,2710,4190
2021-04-12 00:14:54.552000,4115.952,4115.251,2250,2250
2021-04-12 00:14:54.662000,4116.046,4115.246,2710,4190
2021-04-12 00:14:54.712000,4116.061,4115.342,2250,2250
2021-04-12 00:15:09.000000,4115.749,4115.349,2250,890
2021-04-12 00:15:09.050000,4115.767,4115.036,2250,2250
2021-04-12 00:15:09.161000,4116.064,4115.031,2710,4190
2021-04-12 00:15:09.212000,4116.001,4115.339,2250,2250
2021-04-12 00:15:10.043000,4115.752,4115.337,2250,890
2021-04-12 00:15:10.094000,4115.761,4115.042,2250,2250
2021-04-12 00:15:12.402000,4116.064,4115.031,2710,4190
2021-04-12 00:15:12.452000,4116.064,4115.399,2250,2250
2021-04-12 00:15:17.653000,4115.764,4115.337,2250,890
2021-04-12 00:15:17.703000,4115.755,4115.048,2250,2250
2021-04-12 00:15:21.090000,4116.064,4115.046,2710,4190
2021-04-12 00:15:21.141000,4116.049,4115.339,2250,2250
2021-04-12 00:15:27.368000,4116.261,4115.343,2710,4190
2021-04-12 00:15:27.419000,4116.255,4115.545,2250,2250
2021-04-12 00:15:27.889000,4116.567,4115.546,2710,4190
2021-04-12 00:15:27.940000,4116.558,4115.836,2250,2250
2021-04-12 00:15:28.059000,4116.764,4115.837,2710,4190
2021-04-12 00:15:28.109000,4116.764,4116.045,2250,2250
2021-04-12 00:15:28.924000,4117.046,4116.097,2710,4190
2021-04-12 00:15:28.974000,4117.052,4116.333,2250,2250
2021-04-12 00:15:30.808000,4116.755,4116.343,2250,890
2021-04-12 00:15:30.859000,4116.701,4116.042,2250,2250
2021-04-12 00:15:31.287000,4116.652,4116.037,2250,890
2021-04-12 00:15:31.338000,4116.601,4115.939,2250,2250
2021-04-12 00:15:31.782000,4116.761,4116.051,2250,2250
2021-04-12 00:15:46.156000,4116.667,4116.043,2250,890
2021-04-12 00:15:46.207000,4116.658,4115.942,2250,2250
2021-04-12 00:15:46.316000,4116.752,4115.94,2710,4190
2021-04-12 00:15:46.366000,4116.746,4116.045,2250,2250
2021-04-12 00:15:48.196000,4116.658,4116.031,2250,890
2021-04-12 00:15:48.246000,4116.664,4115.942,2250,2250
2021-04-12 00:15:48.872000,4116.546,4115.94,2250,890
2021-04-12 00:15:48.922000,4116.552,4115.836,2250,2250
2021-04-12 00:15:49.033000,4116.701,4115.846,2710,4190
2021-04-12 00:15:49.083000,4116.746,4116.036,2250,2250
2021-04-12 00:15:50.438000,4117.058,4116.034,2710,4190
2021-04-12 00:15:50.488000,4117.049,4116.399,2250,2250
2021-04-12 00:15:51.139000,4116.767,4116.331,2250,890
2021-04-12 00:15:51.189000,4116.701,4116.039,2250,2250
2021-04-12 00:16:00.380000,4116.655,4116.034,2250,890
2021-04-12 00:16:00.431000,4116.664,4115.999,2250,2250
2021-04-12 00:16:00.540000,4116.501,4115.949,2250,890
2021-04-12 00:16:00.590000,4116.564,4115.899,2250,2250
2021-04-12 00:16:00.701000,4116.761,4115.843,2710,4190
2021-04-12 00:16:00.752000,4116.746,4116.039,2250,2250
2021-04-12 00:16:01.180000,4116.501,4116.037,2250,890
2021-04-12 00:16:01.231000,4116.567,4115.854,2250,2250
2021-04-12 00:16:06.635000,4116.655,4115.843,2710,4190
2021-04-12 00:16:06.686000,4116.652,4115.936,2250,2250
2021-04-12 00:16:07.182000,4116.746,4115.946,2710,4190
2021-04-12 00:16:07.232000,4116.758,4116.099,2250,2250
2021-04-12 00:16:11.245000,4116.501,4116.04,2250,890
2021-04-12 00:16:11.295000,4116.546,4115.842,2250,2250
2021-04-12 00:16:12.204000,4116.655,4115.84,2710,4190
2021-04-12 00:16:12.254000,4116.646,4115.954,2250,2250
2021-04-12 00:16:12.384000,4116.546,4115.845,2250,2250
2021-04-12 00:16:23.856000,4116.449,4115.84,2250,890
2021-04-12 00:16:23.906000,4116.449,4115.733,2250,2250
2021-04-12 00:16:24.017000,4116.546,4115.746,2710,4190
2021-04-12 00:16:24.067000,4116.567,4115.845,2250,2250
2021-04-12 00:16:41.195000,4116.201,4115.852,2250,890
2021-04-12 00:16:41.246000,4116.267,4115.536,2250,2250
2021-04-12 00:16:41.354000,4116.552,4115.537,2710,4190
2021-04-12 00:16:41.405000,4116.546,4115.833,2250,2250
2021-04-12 00:16:42.589000,4116.755,4115.84,2710,4190
2021-04-12 00:16:42.639000,4116.767,4116.045,2250,2250
2021-04-12 00:16:52.019000,4116.564,4116.031,2250,890
2021-04-12 00:16:52.069000,4116.555,4115.833,2250,2250
2021-04-12 00:16:57.618000,4116.752,4116.033,2250,2250
2021-04-12 00:17:01.636000,4116.901,4116.037,2710,4190
2021-04-12 00:17:01.686000,4116.964,4116.299,2250,2250
2021-04-12 00:17:02.570000,4116.755,4116.231,2250,890
2021-04-12 00:17:02.621000,4116.767,4116.042,2250,2250
2021-04-12 00:17:04.550000,4116.564,4115.851,2250,2250
2021-04-12 00:17:04.674000,4116.767,4115.897,2710,4190
2021-04-12 00:17:04.725000,4116.752,4116.045,2250,2250
2021-04-12 00:17:10.307000,4117.046,4116.031,2710,4190
2021-04-12 00:17:10.358000,4117.052,4116.342,2250,2250
2021-04-12 00:17:22.700000,4117.264,4116.539,2250,2250
2021-04-12 00:17:27.190000,4117.501,4116.546,2710,4190
2021-04-12 00:17:27.240000,4117.549,4116.842,2250,2250
2021-04-12 00:17:27.508000,4117.249,4116.846,2250,890
2021-04-12 00:17:27.559000,4117.261,4116.542,2250,2250
2021-04-12 00:17:29.799000,4117.501,4116.531,2710,4190
2021-04-12 00:17:29.849000,4117.567,4116.845,2250,2250
2021-04-12 00:17:35.751000,4117.749,4116.849,2710,4190
2021-04-12 00:17:35.801000,4117.749,4117.099,2250,2250
2021-04-12 00:17:38.689000,4117.555,4117.031,2250,890
2021-04-12 00:17:38.739000,4117.549,4116.899,2250,2250
2021-04-12 00:17:46.021000,4117.761,4116.843,2710,4190
2021-04-12 00:17:46.071000,4117.761,4117.036,2250,2250
2021-04-12 00:17:53.828000,4117.558,4117.052,2250,890
2021-04-12 00:17:53.879000,4117.558,4116.845,2250,2250
2021-04-12 00:17:53.987000,4117.601,4116.837,2710,4190
2021-04-12 00:17:54.038000,4117.661,4116.933,2250,2250
2021-04-12 00:17:54.149000,4117.501,4116.946,2250,890
2021-04-12 00:17:54.200000,4117.552,4116.848,2250,2250
2021-04-12 00:17:54.307000,4117.764,4116.852,2710,4190
2021-04-12 00:17:54.357000,4117.749,4117.051,2250,2250
2021-04-12 00:17:55.430000,4117.552,4117.043,2250,890
2021-04-12 00:17:55.480000,4117.564,4116.842,2250,2250
2021-04-12 00:18:00.204000,4117.661,4116.831,2710,4190
2021-04-12 00:18:00.254000,4117.649,4116.933,2250,2250
2021-04-12 00:18:00.363000,4117.746,4116.94,2710,4190
2021-04-12 00:18:00.414000,4117.752,4117.054,2250,2250
2021-04-12 00:18:06.985000,4117.652,4117.043,2250,890
2021-04-12 00:18:07.035000,4117.661,4116.948,2250,2250
2021-04-12 00:18:07.417000,4117.552,4116.943,2250,890
2021-04-12 00:18:07.467000,4117.552,4116.899,2250,2250
2021-04-12 00:18:09.047000,4117.767,4116.837,2710,4190
2021-04-12 00:18:09.097000,4117.761,4117.033,2250,2250
2021-04-12 00:18:09.246000,4117.661,4116.951,2250,2250
2021-04-12 00:18:09.370000,4117.764,4116.952,2710,4190
2021-04-12 00:18:09.420000,4117.764,4117.051,2250,2250
2021-04-12 00:18:13.918000,4118.049,4117.097,2710,4190
2021-04-12 00:18:13.969000,4118.064,4117.351,2250,2250
2021-04-12 00:18:17.214000,4118.267,4117.349,2710,4190
2021-04-12 00:18:17.264000,4118.255,4117.554,2250,2250
2021-04-12 00:18:17.373000,4118.067,4117.543,2250,890
2021-04-12 00:18:17.423000,4118.064,4117.354,2250,2250
2021-04-12 00:18:17.535000,4118.258,4117.331,2710,4190
2021-04-12 00:18:17.585000,4118.252,4117.551,2250,2250
2021-04-12 00:18:18.489000,4118.164,4117.436,2250,2250
2021-04-12 00:18:18.839000,4118.067,4117.431,2250,890
2021-04-12 00:18:18.892000,4118.001,4117.333,2250,2250
2021-04-12 00:18:33.431000,4118.101,4117.331,2710,4190
2021-04-12 00:18:33.481000,4118.101,4117.448,2250,2250
2021-04-12 00:18:33.801000,4118.046,4117.44,2250,890
2021-04-12 00:18:33.851000,4118.067,4117.354,2250,2250
2021-04-12 00:18:34.008000,4118.164,4117.448,2250,2250
2021-04-12 00:18:34.281000,4118.261,4117.449,2710,4190
2021-04-12 00:18:34.331000,4118.258,4117.539,2250,2250
2021-04-12 00:18:34.441000,4118.167,4117.597,2250,890
2021-04-12 00:18:34.492000,4118.158,4117.448,2250,2250
2021-04-12 00:18:34.700000,4118.067,4117.497,2250,890
2021-04-12 00:18:34.751000,4118.064,4117.399,2250,2250
2021-04-12 00:18:35.690000,4118.201,4117.343,2710,4190
2021-04-12 00:18:35.740000,4118.258,4117.539,2250,2250
2021-04-12 00:18:35.850000,4118.061,4117.534,2250,890
2021-04-12 00:18:35.901000,4118.001,4117.348,2250,2250
2021-04-12 00:18:36.169000,4118.167,4117.331,2710,4190
2021-04-12 00:18:36.220000,4118.158,4117.499,2250,2250
2021-04-12 00:18:36.410000,4118.246,4117.446,2710,4190
2021-04-12 00:18:36.460000,4118.252,4117.533,2250,2250
2021-04-12 00:18:36.736000,4118.167,4117.531,2250,890
2021-04-12 00:18:36.787000,4118.167,4117.445,2250,2250
2021-04-12 00:18:37.050000,4118.261,4117.446,2710,4190
2021-04-12 00:18:37.100000,4118.261,4117.551,2250,2250
2021-04-12 00:18:37.371000,4118.101,4117.531,2250,890
2021-04-12 00:18:37.421000,4118.155,4117.448,2250,2250
2021-04-12 00:18:37.530000,4118.067,4117.434,2250,890
2021-04-12 00:18:37.580000,4118.049,4117.336,2250,2250
2021-04-12 00:18:37.691000,4118.158,4117.352,2710,4190
2021-04-12 00:18:37.741000,4118.152,4117.448,2250,2250
2021-04-12 00:18:37.850000,4118.249,4117.443,2710,4190
2021-04-12 00:18:37.900000,4118.258,4117.554,2250,2250
2021-04-12 00:18:39.729000,4118.052,4117.552,2250,890
2021-04-12 00:18:39.780000,4118.052,4117.354,2250,2250
2021-04-12 00:18:40.214000,4118.149,4117.337,2710,4190
2021-04-12 00:18:40.264000,4118.146,4117.499,2250,2250
2021-04-12 00:18:40.608000,4118.255,4117.539,2250,2250
2021-04-12 00:18:40.761000,4118.055,4117.552,2250,890
2021-04-12 00:18:40.811000,4118.052,4117.348,2250,2250
2021-04-12 00:18:42.417000,4118.149,4117.346,2710,4190
2021-04-12 00:18:42.468000,4118.161,4117.445,2250,2250
2021-04-12 00:18:42.738000,4118.249,4117.446,2710,4190
2021-04-12 00:18:42.788000,4118.201,4117.539,2250,2250
2021-04-12 00:18:45.232000,4118.046,4117.399,2250,2250
2021-04-12 00:18:46.883000,4118.267,4117.551,2250,2250
2021-04-12 00:18:49.872000,4118.061,4117.537,2250,890
2021-04-12 00:18:49.923000,4118.058,4117.348,2250,2250
2021-04-12 00:18:50.034000,4118.146,4117.334,2710,4190
2021-04-12 00:18:50.085000,4118.167,4117.436,2250,2250
2021-04-12 00:18:51.114000,4118.049,4117.434,2250,890
2021-04-12 00:18:51.165000,4118.046,4117.342,2250,2250
2021-04-12 00:19:03.115000,4117.767,4117.34,2250,890
2021-04-12 00:19:03.166000,4117.752,4117.039,2250,2250
2021-04-12 00:19:05.729000,4118.052,4117.097,2710,4190
2021-04-12 00:19:05.779000,4118.049,4117.336,2250,2250
2021-04-12 00:19:08.234000,4117.901,4117.397,2250,890
2021-04-12 00:19:08.285000,4117.949,4117.239,2250,2250
2021-04-12 00:19:08.395000,4118.061,4117.231,2710,4190
2021-04-12 00:19:08.445000,4118.064,4117.342,2250,2250
2021-04-12 00:19:10.357000,4117.961,4117.397,2250,890
2021-04-12 00:19:10.407000,4117.967,4117.299,2250,2250
2021-04-12 00:19:10.517000,4118.049,4117.249,2710,4190
2021-04-12 00:19:10.567000,4118.061,4117.336,2250,2250
2021-04-12 00:19:14.690000,4118.164,4117.349,2710,4190
2021-04-12 00:19:14.741000,4118.161,4117.451,2250,2250
2021-04-12 00:19:14.849000,4118.049,4117.497,2250,890
2021-04-12 00:19:14.899000,4118.001,4117.399,2250,2250
2021-04-12 00:19:17.945000,4118.249,4117.331,2710,4190
2021-04-12 00:19:17.996000,4118.264,4117.551,2250,2250
2021-04-12 00:19:19.103000,4118.149,4117.552,2250,890
2021-04-12 00:19:19.153000,4118.152,4117.451,2250,2250
2021-04-12 00:19:19.263000,4118.067,4117.443,2250,890
2021-04-12 00:19:19.313000,4118.001,4117.399,2250,2250
2021-04-12 00:19:29.363000,4117.761,4117.349,2250,890
2021-04-12 00:19:29.413000,4117.752,4117.048,2250,2250
2021-04-12 00:19:29.523000,4117.952,4117.043,2710,4190
2021-04-12 00:19:29.573000,4117.949,4117.248,2250,2250
2021-04-12 00:19:30.148000,4117.755,4117.234,2250,890
2021-04-12 00:19:30.198000,4117.761,4117.045,2250,2250
2021-04-12 00:19:31.401000,4118.049,4117.049,2710,4190
2021-04-12 00:19:31.451000,4118.067,4117.336,2250,2250
2021-04-12 00:19:39.941000,4118.255,4117.349,2710,4190
2021-04-12 00:19:39.992000,4118.264,4117.533,2250,2250
2021-04-12 00:19:41.103000,4118.055,4117.597,2250,890
2021-04-12 00:19:41.153000,4118.046,4117.333,2250,2250
2021-04-12 00:19:41.902000,4118.261,4117.331,2710,4190
2021-04-12 00:19:41.953000,4118.255,4117.548,2250,2250
2021-04-12 00:19:42.064000,4118.049,4117.543,2250,890
2021-04-12 00:19:42.115000,4118.058,4117.351,2250,2250
2021-04-12 00:19:42.384000,4118.167,4117.34,2710,4190
2021-04-12 00:19:42.435000,4118.152,4117.439,2250,2250
2021-04-12 00:19:42.543000,4118.258,4117.443,2710,4190
2021-04-12 00:19:42.594000,4118.258,4117.551,2250,2250
2021-04-12 00:19:43.124000,4118.155,4117.534,2250,890
2021-04-12 00:19:43.174000,4118.152,4117.451,2250,2250
2021-04-12 00:19:43.342000,4118.246,4117.443,2710,4190
2021-04-12 00:19:43.392000,4118.252,4117.539,2250,2250
2021-04-12 00:19:46.971000,4118.067,4117.339,2250,2250
2021-04-12 00:20:11.398000,4117.758,4117.045,2250,2250
2021-04-12 00:20:13.641000,4118.058,4117.046,2710,4190
2021-04-12 00:20:13.691000,4118.067,4117.342,2250,2250
2021-04-12 00:20:35.830000,4117.746,4117.036,2250,2250
2021-04-12 00:21:10.908000,4117.655,4117.04,2250,890
2021-04-12 00:21:10.958000,4117.601,4116.951,2250,2250
2021-04-12 00:21:11.066000,4117.501,4116.949,2250,890
2021-04-12 00:21:11.116000,4117.501,4116.851,2250,2250
2021-04-12 00:21:15.381000,4117.764,4116.831,2710,4190
2021-04-12 00:21:15.431000,4117.746,4117.054,2250,2250
2021-04-12 00:21:15.542000,4117.667,4117.04,2250,890
2021-04-12 00:21:15.592000,4117.667,4116.951,2250,2250
2021-04-12 00:21:15.701000,4117.555,4116.931,2250,890
2021-04-12 00:21:15.752000,4117.549,4116.845,2250,2250
2021-04-12 00:21:16.209000,4117.752,4116.897,2710,4190
2021-04-12 00:21:16.259000,4117.749,4117.054,2250,2250
2021-04-12 00:21:21.275000,4117.955,4117.031,2710,4190
2021-04-12 00:21:21.326000,4117.967,4117.242,2250,2250
2021-04-12 00:21:22.041000,4117.755,4117.045,2250,2250
2021-04-12 00:21:37.608000,4117.967,4117.049,2710,4190
2021-04-12 00:21:37.658000,4117.949,4117.251,2250,2250
2021-04-12 00:21:38.162000,4117.749,4117.246,2250,890
2021-04-12 00:21:38.212000,4117.746,4117.045,2250,2250
2021-04-12 00:22:16.285000,4117.555,4117.04,2250,890
2021-04-12 00:22:16.335000,4117.549,4116.854,2250,2250
2021-04-12 00:22:17.836000,4117.764,4117.051,2250,2250
2021-04-12 00:22:17.965000,4117.567,4117.031,2250,890
2021-04-12 00:22:18.015000,4117.555,4116.899,2250,2250
2021-04-12 00:22:30.811000,4117.449,4116.852,2250,890
2021-04-12 00:22:30.861000,4117.449,4116.751,2250,2250
2021-04-12 00:22:30.972000,4117.558,4116.734,2710,4190
2021-04-12 00:22:31.023000,4117.558,4116.899,2250,2250
2021-04-12 00:23:00.928000,4117.449,4116.852,2250,890
2021-04-12 00:23:00.979000,4117.449,4116.799,2250,2250
2021-04-12 00:23:01.090000,4117.501,4116.752,2710,4190
2021-04-12 00:23:01.141000,4117.549,4116.848,2250,2250
2021-04-12 00:23:02.931000,4117.461,4116.837,2250,890
2021-04-12 00:23:02.981000,4117.446,4116.742,2250,2250
2021-04-12 00:23:03.098000,4117.261,4116.743,2250,890
2021-04-12 00:23:03.149000,4117.201,4116.599,2250,2250
2021-04-12 00:23:13.648000,4117.067,4116.549,2250,890
2021-04-12 00:23:13.698000,4117.046,4116.339,2250,2250
2021-04-12 00:23:44.466000,4117.252,4116.331,2710,4190
2021-04-12 00:23:44.517000,4117.264,4116.548,2250,2250
2021-04-12 00:24:10.533000,4117.564,4116.546,2710,4190
2021-04-12 00:24:10.584000,4117.558,4116.839,2250,2250
2021-04-12 00:24:10.966000,4117.255,4116.834,2250,890
2021-04-12 00:24:11.016000,4117.261,4116.599,2250,2250
2021-04-12 00:24:11.287000,4117.449,4116.537,2710,4190
2021-04-12 00:24:11.337000,4117.449,4116.754,2250,2250
2021-04-12 00:24:11.446000,4117.501,4116.743,2710,4190
2021-04-12 00:24:11.497000,4117.546,4116.839,2250,2250
2021-04-12 00:24:11.832000,4117.449,4116.897,2250,890
2021-04-12 00:24:11.883000,4117.458,4116.748,2250,2250
2021-04-12 00:24:11.992000,4117.552,4116.743,2710,4190
2021-04-12 00:24:12.042000,4117.561,4116.842,2250,2250
2021-04-12 00:24:17.498000,4117.752,4116.897,2710,4190
2021-04-12 00:24:17.548000,4117.761,4117.042,2250,2250
2021-04-12 00:24:26.252000,4118.064,4117.336,2250,2250
2021-04-12 00:24:26.954000,4117.746,4117.349,2250,890
2021-04-12 00:24:27.005000,4117.758,4117.054,2250,2250
2021-04-12 00:24:28.154000,4118.067,4117.04,2710,4190
2021-04-12 00:24:28.204000,4118.067,4117.339,2250,2250
2021-04-12 00:24:30.344000,4117.967,4117.334,2250,890
2021-04-12 00:24:30.394000,4117.967,4117.254,2250,2250
2021-04-12 00:24:30.542000,4118.064,4117.345,2250,2250
2021-04-12 00:24:32.639000,4117.967,4117.331,2250,890
2021-04-12 00:24:32.689000,4117.958,4117.251,2250,2250
2021-04-12 00:24:33.004000,4118.052,4117.243,2710,4190
2021-04-12 00:24:33.054000,4118.061,4117.348,2250,2250
2021-04-12 00:25:04.633000,4117.961,4117.34,2250,890
2021-04-12 00:25:04.684000,4117.964,4117.254,2250,2250
2021-04-12 00:25:05.078000,4118.001,4117.252,2710,4190
2021-04-12 00:25:05.129000,4118.049,4117.354,2250,2250
2021-04-12 00:25:06.060000,4117.949,4117.349,2250,890
2021-04-12 00:25:06.110000,4117.952,4117.239,2250,2250
2021-04-12 00:25:06.220000,4118.067,4117.249,2710,4190
2021-04-12 00:25:06.270000,4118.061,4117.351,2250,2250
2021-04-12 00:25:07.419000,4117.701,4117.337,2250,890
2021-04-12 00:25:07.469000,4117.752,4117.099,2250,2250
2021-04-12 00:25:07.580000,4118.052,4117.052,2710,4190
2021-04-12 00:25:07.630000,4118.061,4117.399,2250,2250
2021-04-12 00:25:07.984000,4117.901,4117.346,2250,890
2021-04-12 00:25:08.034000,4117.967,4117.248,2250,2250
2021-04-12 00:25:08.304000,4117.701,4117.234,2250,890
2021-04-12 00:25:08.354000,4117.758,4117.039,2250,2250
2021-04-12 00:25:08.505000,4117.949,4117.248,2250,2250
2021-04-12 00:25:08.626000,4118.064,4117.237,2710,4190
2021-04-12 00:25:08.676000,4118.055,4117.345,2250,2250
2021-04-12 00:25:08.784000,4117.949,4117.34,2250,890
2021-04-12 00:25:08.834000,4117.955,4117.233,2250,2250
2021-04-12 00:25:09.296000,4118.052,4117.231,2710,4190
2021-04-12 00:25:09.346000,4118.001,4117.399,2250,2250
2021-04-12 00:25:10.096000,4117.946,4117.343,2250,890
2021-04-12 00:25:10.147000,4117.952,4117.299,2250,2250
2021-04-12 00:25:10.255000,4117.755,4117.246,2250,890
2021-04-12 00:25:10.305000,4117.767,4117.054,2250,2250
2021-04-12 00:25:36.340000,4118.049,4117.031,2710,4190
2021-04-12 00:25:36.390000,4118.067,4117.348,2250,2250
2021-04-12 00:25:50.097000,4118.155,4117.448,2250,2250
2021-04-12 00:25:50.232000,4118.252,4117.449,2710,4190
2021-04-12 00:25:50.283000,4118.261,4117.539,2250,2250
2021-04-12 00:26:03.120000,4118.567,4117.546,2710,4190
2021-04-12 00:26:03.170000,4118.564,4117.848,2250,2250
2021-04-12 00:26:06.300000,4118.755,4117.84,2710,4190
2021-04-12 00:26:06.350000,4118.746,4118.045,2250,2250
2021-04-12 00:26:06.766000,4118.552,4118.037,2250,890
2021-04-12 00:26:06.816000,4118.561,4117.899,2250,2250
2021-04-12 00:26:08.690000,4118.758,4117.852,2710,4190
2021-04-12 00:26:08.741000,4118.764,4118.054,2250,2250
2021-04-12 00:26:30.177000,4119.249,4118.037,2710,4190
2021-04-12 00:26:30.227000,4119.267,4118.539,2250,2250
2021-04-12 00:26:30.372000,4119.558,4118.833,2250,2250
2021-04-12 00:26:30.493000,4119.246,4118.846,2250,890
2021-04-12 00:26:30.544000,4119.252,4118.548,2250,2250
2021-04-12 00:26:31.557000,4119.064,4118.597,2250,890
2021-04-12 00:26:31.607000,4119.055,4118.354,2250,2250
2021-04-12 00:26:39.622000,4119.258,4118.34,2710,4190
2021-04-12 00:26:39.673000,4119.258,4118.539,2250,2250
2021-04-12 00:26:43.070000,4119.049,4118.549,2250,890
2021-04-12 00:26:43.120000,4119.067,4118.354,2250,2250
2021-04-12 00:26:45.040000,4119.161,4118.343,2710,4190
2021-04-12 00:26:45.091000,4119.149,4118.445,2250,2250
2021-04-12 00:26:45.229000,4119.258,4118.542,2250,2250
2021-04-12 00:27:06.748000,4119.067,4118.549,2250,890
2021-04-12 00:27:06.798000,4119.046,4118.348,2250,2250
2021-04-12 00:27:07.494000,4119.252,4118.34,2710,4190
2021-04-12 00:27:07.544000,4119.255,4118.554,2250,2250
2021-04-12 00:27:08.705000,4119.167,4118.54,2250,890
2021-04-12 00:27:08.756000,4119.152,4118.439,2250,2250
2021-04-12 00:27:08.873000,4119.046,4118.497,2250,890
2021-04-12 00:27:08.923000,4119.067,4118.345,2250,2250
2021-04-12 00:27:18.651000,4118.761,4118.34,2250,890
2021-04-12 00:27:18.702000,4118.761,4118.036,2250,2250
2021-04-12 00:27:51.621000,4118.758,4117.834,2710,4190
2021-04-12 00:27:51.672000,4118.567,4117.842,2250,2250
2021-04-12 00:27:55.533000,4118.749,4118.048,2250,2250
2021-04-12 00:27:58.277000,4118.667,4118.052,2250,890
2021-04-12 00:27:58.327000,4118.601,4117.999,2250,2250
2021-04-12 00:27:58.835000,4118.561,4117.845,2250,2250
2021-04-12 00:28:26.980000,4118.255,4117.843,2250,890
2021-04-12 00:28:27.030000,4118.246,4117.545,2250,2250
2021-04-12 00:28:38.254000,4118.501,4117.549,2710,4190
2021-04-12 00:28:38.304000,4118.549,4117.848,2250,2250
2021-04-12 00:28:40.523000,4118.649,4117.897,2710,4190
2021-04-12 00:28:40.573000,4118.649,4117.942,2250,2250
2021-04-12 00:28:40.679000,4118.564,4117.997,2250,890
2021-04-12 00:28:40.729000,4118.564,4117.845,2250,2250
2021-04-12 00:28:53.586000,4118.701,4117.837,2710,4190
2021-04-12 00:28:53.636000,4118.764,4118.045,2250,2250
2021-04-12 00:28:53.746000,4118.549,4118.043,2250,890
2021-04-12 00:28:53.796000,4118.549,4117.851,2250,2250
2021-04-12 00:28:54.499000,4118.746,4117.852,2710,4190
2021-04-12 00:28:54.549000,4118.701,4118.039,2250,2250
2021-04-12 00:28:54.658000,4118.646,4118.043,2250,890
2021-04-12 00:28:54.709000,4118.667,4117.954,2250,2250
2021-04-12 00:28:55.439000,4118.567,4117.949,2250,890
2021-04-12 00:28:55.489000,4118.552,4117.842,2250,2250
2021-04-12 00:28:57.639000,4118.764,4117.834,2710,4190
2021-04-12 00:28:57.689000,4118.752,4118.099,2250,2250
2021-04-12 00:29:00.982000,4119.058,4118.034,2710,4190
2021-04-12 00:29:01.032000,4119.052,4118.339,2250,2250
2021-04-12 00:29:01.795000,4118.767,4118.343,2250,890
2021-04-12 00:29:01.846000,4118.764,4118.051,2250,2250
2021-04-12 00:29:13.351000,4119.052,4118.031,2710,4190
2021-04-12 00:29:13.401000,4119.058,4118.339,2250,2250
2021-04-12 00:29:22.449000,4118.767,4118.343,2250,890
2021-04-12 00:29:22.499000,4118.758,4118.042,2250,2250
2021-04-12 00:29:25.133000,4118.946,4118.037,2710,4190
2021-04-12 00:29:25.183000,4118.901,4118.233,2250,2250
2021-04-12 00:29:25.330000,4119.049,4118.339,2250,2250
2021-04-12 00:29:26.342000,4118.949,4118.334,2250,890
2021-04-12 00:29:26.393000,4118.955,4118.251,2250,2250
2021-04-12 00:29:26.768000,4118.758,4118.249,2250,890
2021-04-12 00:29:26.818000,4118.761,4118.051,2250,2250
2021-04-12 00:29:33.099000,4118.955,4118.097,2710,4190
2021-04-12 00:29:33.150000,4118.961,4118.248,2250,2250
2021-04-12 00:29:33.619000,4118.758,4118.249,2250,890
2021-04-12 00:29:33.669000,4118.764,4118.042,2250,2250
2021-04-12 00:29:38.862000,4118.961,4118.233,2250,2250
2021-04-12 00:29:42.930000,4118.755,4118.249,2250,890
2021-04-12 00:29:42.982000,4118.701,4118.048,2250,2250
2021-04-12 00:29:51.560000,4119.052,4118.034,2710,4190
2021-04-12 00:29:51.610000,4119.049,4118.342,2250,2250
2021-04-12 00:29:57.881000,4118.746,4118.331,2250,890
2021-04-12 00:29:57.932000,4118.758,4118.054,2250,2250
2021-04-12 00:29:58.456000,4119.058,4118.034,2710,4190
2021-04-12 00:29:58.507000,4119.046,4118.342,2250,2250
2021-04-12 00:29:58.667000,4118.952,4118.245,2250,2250
2021-04-12 00:30:00.317000,4118.752,4118.036,2250,2250
2021-04-12 00:30:00.647000,4118.958,4118.248,2250,2250
2021-04-12 00:30:00.977000,4119.049,4118.297,2710,4190
2021-04-12 00:30:01.027000,4119.064,4118.345,2250,2250
2021-04-12 00:30:03.088000,4118.758,4118.343,2250,890
2021-04-12 00:30:03.138000,4118.761,4118.039,2250,2250
2021-04-12 00:30:05.384000,4119.055,4118.037,2710,4190
2021-04-12 00:30:05.434000,4119.052,4118.354,2250,2250
2021-04-12 00:30:08.289000,4119.264,4118.352,2710,4190
2021-04-12 00:30:08.339000,4119.252,4118.599,2250,2250
2021-04-12 00:30:09.926000,4119.501,4118.839,2250,2250
2021-04-12 00:30:28.711000,4119.258,4118.545,2250,2250
2021-04-12 00:30:29.107000,4119.564,4118.54,2710,4190
2021-04-12 00:30:29.158000,4119.549,4118.833,2250,2250
2021-04-12 00:30:30.542000,4119.261,4118.849,2250,890
2021-04-12 00:30:30.592000,4119.264,4118.599,2250,2250
2021-04-12 00:30:30.704000,4119.555,4118.537,2710,4190
2021-04-12 00:30:30.754000,4119.558,4118.899,2250,2250
2021-04-12 00:30:31.351000,4119.258,4118.599,2250,2250
2021-04-12 00:30:32.344000,4119.452,4118.534,2710,4190
2021-04-12 00:30:32.394000,4119.464,4118.799,2250,2250
2021-04-12 00:30:32.505000,4119.261,4118.737,2250,890
2021-04-12 00:30:32.555000,4119.261,4118.551,2250,2250
2021-04-12 00:30:32.671000,4119.464,4118.799,2250,2250
2021-04-12 00:30:33.002000,4119.546,4118.899,2250,2250
2021-04-12 00:30:34.397000,4119.246,4118.897,2250,890
2021-04-12 00:30:34.447000,4119.264,4118.536,2250,2250
2021-04-12 00:30:34.556000,4119.501,4118.531,2710,4190
2021-04-12 00:30:34.606000,4119.558,4118.851,2250,2250
2021-04-12 00:30:35.528000,4119.267,4118.84,2250,890
2021-04-12 00:30:35.579000,4119.267,4118.545,2250,2250
2021-04-12 00:30:45.632000,4119.001,4118.54,2250,890
2021-04-12 00:30:45.682000,4119.046,4118.354,2250,2250
2021-04-12 00:30:45.792000,4119.249,4118.349,2710,4190
2021-04-12 00:30:45.843000,4119.264,4118.599,2250,2250
2021-04-12 00:30:51.161000,4119.155,4118.499,2250,2250
2021-04-12 00:30:51.621000,4119.001,4118.446,2250,890
2021-04-12 00:30:51.671000,4119.067,4118.351,2250,2250
2021-04-12 00:30:54.682000,4119.201,4118.331,2710,4190
2021-04-12 00:30:54.732000,4119.267,4118.554,2250,2250
2021-04-12 00:30:55.452000,4119.161,4118.448,2250,2250
2021-04-12 00:30:55.568000,4119.058,4118.497,2250,890
2021-04-12 00:30:55.618000,4119.046,4118.339,2250,2250
2021-04-12 00:30:56.772000,4119.261,4118.539,2250,2250
2021-04-12 00:31:01.983000,4119.046,4118.543,2250,890
2021-04-12 00:31:02.033000,4119.052,4118.342,2250,2250
2021-04-12 00:31:02.382000,4119.261,4118.554,2250,2250
2021-04-12 00:31:03.417000,4119.164,4118.552,2250,890
2021-04-12 00:31:03.467000,4119.155,4118.436,2250,2250
2021-04-12 00:31:03.576000,4119.049,4118.437,2250,890
2021-04-12 00:31:03.626000,4119.055,4118.351,2250,2250
2021-04-12 00:31:04.096000,4119.167,4118.349,2710,4190
2021-04-12 00:31:04.147000,4119.152,4118.436,2250,2250
2021-04-12 00:31:06.345000,4119.052,4118.333,2250,2250
2021-04-12 00:31:17.315000,4119.249,4118.397,2710,4190
2021-04-12 00:31:17.365000,4119.201,4118.533,2250,2250
2021-04-12 00:31:21.226000,4119.101,4118.54,2250,890
2021-04-12 00:31:21.277000,4119.161,4118.445,2250,2250
2021-04-12 00:31:21.387000,4119.249,4118.443,2710,4190
2021-04-12 00:31:21.438000,4119.267,4118.545,2250,2250
2021-04-12 00:31:43.464000,4119.564,4118.546,2710,4190
2021-04-12 00:31:43.515000,4119.561,4118.848,2250,2250
2021-04-12 00:31:43.625000,4119.264,4118.837,2250,890
2021-04-12 00:31:43.675000,4119.201,4118.548,2250,2250
2021-04-12 00:31:44.106000,4119.461,4118.543,2710,4190
2021-04-12 00:31:44.156000,4119.455,4118.736,2250,2250
2021-04-12 00:31:44.266000,4119.264,4118.749,2250,890
2021-04-12 00:31:44.317000,4119.264,4118.536,2250,2250
2021-04-12 00:31:44.584000,4119.558,4118.546,2710,4190
2021-04-12 00:31:44.634000,4119.558,4118.836,2250,2250
2021-04-12 00:31:53.785000,4119.264,4118.834,2250,890
2021-04-12 00:31:53.835000,4119.258,4118.539,2250,2250
2021-04-12 00:31:56.991000,4119.401,4118.54,2710,4190
2021-04-12 00:31:57.042000,4119.446,4118.751,2250,2250
2021-04-12 00:31:59.393000,4119.249,4118.731,2250,890
2021-04-12 00:31:59.443000,4119.201,4118.554,2250,2250
2021-04-12 00:32:00.468000,4119.455,4118.546,2710,4190
2021-04-12 00:32:00.518000,4119.446,4118.742,2250,2250
2021-04-12 00:32:01.181000,4119.201,4118.533,2250,2250
2021-04-12 00:32:02.387000,4119.555,4118.597,2710,4190
2021-04-12 00:32:02.438000,4119.546,4118.899,2250,2250
2021-04-12 00:32:02.548000,4119.401,4118.831,2250,890
2021-04-12 00:32:02.598000,4119.446,4118.733,2250,2250
2021-04-12 00:32:02.832000,4119.267,4118.743,2250,890
2021-04-12 00:32:02.883000,4119.264,4118.551,2250,2250
2021-04-12 00:32:03.682000,4119.555,4118.531,2710,4190
2021-04-12 00:32:03.733000,4119.558,4118.848,2250,2250
2021-04-12 00:32:32.541000,4119.264,4118.554,2250,2250
2021-04-12 00:32:39.471000,4119.058,4118.351,2250,2250
2021-04-12 00:32:41.207000,4119.258,4118.352,2710,4190
2021-04-12 00:32:41.257000,4119.255,4118.536,2250,2250
2021-04-12 00:32:41.527000,4119.152,4118.543,2250,890
2021-04-12 00:32:41.577000,4119.152,4118.451,2250,2250
2021-04-12 00:32:41.686000,4119.061,4118.431,2250,890
2021-04-12 00:32:41.736000,4119.049,4118.348,2250,2250
2021-04-12 00:32:43.038000,4119.201,4118.352,2710,4190
2021-04-12 00:32:43.089000,4119.246,4118.539,2250,2250
2021-04-12 00:32:45.259000,4119.049,4118.552,2250,890
2021-04-12 00:32:45.312000,4119.058,4118.339,2250,2250
2021-04-12 00:33:02.943000,4119.255,4118.551,2250,2250
2021-04-12 00:33:03.490000,4119.061,4118.597,2250,890
2021-04-12 00:33:03.544000,4119.055,4118.399,2250,2250
2021-04-12 00:33:06.411000,4119.267,4118.346,2710,4190
2021-04-12 00:33:06.461000,4119.246,4118.548,2250,2250
2021-04-12 00:33:10.503000,4119.567,4118.854,2250,2250
2021-04-12 00:33:10.627000,4119.458,4118.843,2250,890
2021-04-12 00:33:10.677000,4119.458,4118.736,2250,2250
2021-04-12 00:33:10.945000,4119.549,4118.746,2710,4190
2021-04-12 00:33:10.996000,4119.567,4118.854,2250,2250
2021-04-12 00:33:24.432000,4119.664,4118.837,2710,4190
2021-04-12 00:33:24.483000,4119.652,4118.945,2250,2250
2021-04-12 00:33:24.589000,4119.767,4118.943,2710,4190
2021-04-12 00:33:24.639000,4119.701,4119.045,2250,2250
2021-04-12 00:33:36.192000,4120.067,4119.043,2710,4190
2021-04-12 00:33:36.243000,4120.052,4119.354,2250,2250
2021-04-12 00:33:36.357000,4119.749,4119.331,2250,890
2021-04-12 00:33:36.407000,4119.755,4119.033,2250,2250
2021-04-12 00:33:53.775000,4120.061,4119.04,2710,4190
2021-04-12 00:33:53.825000,4120.064,4119.345,2250,2250
2021-04-12 00:33:54.159000,4119.758,4119.334,2250,890
2021-04-12 00:33:54.209000,4119.758,4119.036,2250,2250
2021-04-12 00:34:01.678000,4120.001,4119.031,2710,4190
2021-04-12 00:34:01.729000,4120.046,4119.354,2250,2250
2021-04-12 00:34:03.925000,4120.255,4119.343,2710,4190
2021-04-12 00:34:03.976000,4120.246,4119.599,2250,2250
2021-04-12 00:34:10.147000,4120.558,4119.537,2710,4190
2021-04-12 00:34:10.198000,4120.552,4119.833,2250,2250
2021-04-12 00:34:18.694000,4120.764,4119.837,2710,4190
2021-04-12 00:34:18.745000,4120.761,4120.039,2250,2250
2021-04-12 00:34:18.853000,4120.549,4120.034,2250,890
2021-04-12 00:34:18.903000,4120.552,4119.842,2250,2250
2021-04-12 00:34:28.493000,4120.264,4119.84,2250,890
2021-04-12 00:34:28.544000,4120.249,4119.542,2250,2250
2021-04-12 00:34:29.065000,4120.546,4119.851,2250,2250
2021-04-12 00:34:30.270000,4120.255,4119.846,2250,890
2021-04-12 00:34:30.321000,4120.252,4119.539,2250,2250
2021-04-12 00:34:30.430000,4120.558,4119.531,2710,4190
2021-04-12 00:34:30.481000,4120.501,4119.845,2250,2250
2021-04-12 00:34:36.536000,4120.261,4119.834,2250,890
2021-04-12 00:34:36.586000,4120.249,4119.545,2250,2250
2021-04-12 00:34:36.695000,4120.464,4119.552,2710,4190
2021-04-12 00:34:36.746000,4120.401,4119.748,2250,2250
2021-04-12 00:34:37.400000,4120.552,4119.734,2710,4190
2021-04-12 00:34:37.451000,4120.567,4119.851,2250,2250
2021-04-12 00:34:38.987000,4120.467,4119.846,2250,890
2021-04-12 00:34:39.037000,4120.455,4119.799,2250,2250
2021-04-12 00:34:39.364000,4120.267,4119.743,2250,890
2021-04-12 00:34:39.414000,4120.246,4119.551,2250,2250
2021-04-12 00:34:40.664000,4120.455,4119.537,2710,4190
2021-04-12 00:34:40.715000,4120.401,4119.751,2250,2250
2021-04-12 00:34:40.835000,4120.249,4119.74,2250,890
2021-04-12 00:34:40.885000,4120.252,4119.536,2250,2250
2021-04-12 00:34:41.468000,4120.549,4119.597,2710,4190
2021-04-12 00:34:41.518000,4120.546,4119.854,2250,2250
2021-04-12 00:34:42.777000,4120.452,4119.834,2250,890
2021-04-12 00:34:42.827000,4120.446,4119.751,2250,2250
2021-04-12 00:34:42.938000,4120.201,4119.749,2250,890
2021-04-12 00:34:42.988000,4120.258,4119.533,2250,2250
2021-04-12 00:34:43.427000,4120.501,4119.537,2710,4190
2021-04-12 00:34:43.477000,4120.564,4119.848,2250,2250
2021-04-12 00:35:02.168000,4120.267,4119.837,2250,890
2021-04-12 00:35:02.218000,4120.249,4119.554,2250,2250
2021-04-12 00:35:09.882000,4120.567,4119.543,2710,4190
2021-04-12 00:35:09.932000,4120.552,4119.848,2250,2250
2021-04-12 00:35:12.866000,4120.401,4119.831,2250,890
2021-04-12 00:35:12.916000,4120.455,4119.745,2250,2250
2021-04-12 00:35:15.176000,4120.261,4119.731,2250,890
2021-04-12 00:35:15.226000,4120.255,4119.551,2250,2250
2021-04-12 00:35:21.638000,4120.046,4119.549,2250,890
2021-04-12 00:35:21.689000,4120.064,4119.333,2250,2250
2021-04-12 00:35:49.816000,4119.761,4119.34,2250,890
2021-04-12 00:35:49.866000,4119.701,4119.099,2250,2250
2021-04-12 00:36:01.087000,4119.755,4119.346,2250,890
2021-04-12 00:36:01.138000,4120.052,4119.342,2250,2250
2021-04-12 00:36:13.155000,4120.258,4119.334,2710,4190
2021-04-12 00:36:13.205000,4120.249,4119.533,2250,2250
2021-04-12 00:36:13.314000,4120.167,4119.552,2250,890
2021-04-12 00:36:13.364000,4120.161,4119.499,2250,2250
2021-04-12 00:36:14.496000,4120.267,4119.497,2710,4190
2021-04-12 00:36:14.547000,4120.201,4119.599,2250,2250
2021-04-12 00:36:15.735000,4120.149,4119.552,2250,890
2021-04-12 00:36:15.785000,4120.164,4119.454,2250,2250
2021-04-12 00:36:16.075000,4120.061,4119.437,2250,890
2021-04-12 00:36:16.126000,4120.046,4119.339,2250,2250
2021-04-12 00:36:17.448000,4120.261,4119.343,2710,4190
2021-04-12 00:36:17.498000,4120.258,4119.542,2250,2250
2021-04-12 00:36:17.785000,4120.167,4119.549,2250,890
2021-04-12 00:36:17.836000,4120.155,4119.442,2250,2250
2021-04-12 00:36:17.994000,4120.046,4119.339,2250,2250
2021-04-12 00:36:19.871000,4120.246,4119.397,2710,4190
2021-04-12 00:36:19.921000,4120.246,4119.533,2250,2250
2021-04-12 00:36:20.179000,4120.058,4119.534,2250,890
2021-04-12 00:36:20.230000,4120.001,4119.348,2250,2250
2021-04-12 00:36:21.730000,4120.261,4119.352,2710,4190
2021-04-12 00:36:21.780000,4120.264,4119.554,2250,2250
2021-04-12 00:36:23.484000,4120.055,4119.531,2250,890
2021-04-12 00:36:23.535000,4120.001,4119.342,2250,2250
2021-04-12 00:36:24.212000,4120.249,4119.337,2710,4190
2021-04-12 00:36:24.262000,4120.252,4119.545,2250,2250
2021-04-12 00:36:39.787000,4120.052,4119.531,2250,890
2021-04-12 00:36:39.837000,4120.064,4119.351,2250,2250
2021-04-12 00:36:39.948000,4120.155,4119.397,2710,4190
2021-04-12 00:36:39.998000,4120.101,4119.439,2250,2250
2021-04-12 00:36:40.536000,4120.046,4119.446,2250,890
2021-04-12 00:36:40.587000,4120.046,4119.399,2250,2250
2021-04-12 00:36:41.431000,4120.264,4119.599,2250,2250
2021-04-12 00:36:56.160000,4120.055,4119.549,2250,890
2021-04-12 00:36:56.211000,4120.055,4119.339,2250,2250
2021-04-12 00:36:59.012000,4120.249,4119.397,2710,4190
2021-04-12 00:36:59.063000,4120.201,4119.599,2250,2250
2021-04-12 00:37:06.183000,4120.555,4119.836,2250,2250
2021-04-12 00:37:06.300000,4120.249,4119.846,2250,890
2021-04-12 00:37:06.350000,4120.201,4119.545,2250,2250
2021-04-12 00:37:07.451000,4120.558,4119.534,2710,4190
2021-04-12 00:37:07.501000,4120.564,4119.842,2250,2250
2021-04-12 00:37:07.612000,4120.267,4119.852,2250,890
2021-04-12 00:37:07.663000,4120.261,4119.533,2250,2250
2021-04-12 00:37:10.951000,4120.546,4119.597,2710,4190
2021-04-12 00:37:11.002000,4120.501,4119.836,2250,2250
2021-04-12 00:37:34.810000,4120.258,4119.834,2250,890
2021-04-12 00:37:34.861000,4120.258,4119.542,2250,2250
2021-04-12 00:37:35.760000,4120.549,4119.549,2710,4190
2021-04-12 00:37:35.811000,4120.552,4119.854,2250,2250
2021-04-12 00:37:37.125000,4120.249,4119.843,2250,890
2021-04-12 00:37:37.176000,4120.252,4119.533,2250,2250
2021-04-12 00:38:24.866000,4120.164,4119.552,2250,890
2021-04-12 00:38:24.917000,4120.167,4119.499,2250,2250
2021-04-12 00:38:26.402000,4120.049,4119.351,2250,2250
2021-04-12 00:38:26.549000,4120.249,4119.331,2710,4190
2021-04-12 00:38:26.599000,4120.267,4119.551,2250,2250
2021-04-12 00:38:27.723000,4120.155,4119.451,2250,2250
2021-04-12 00:38:29.374000,4120.058,4119.348,2250,2250
2021-04-12 00:38:31.473000,4120.261,4119.343,2710,4190
2021-04-12 00:38:31.523000,4120.264,4119.545,2250,2250
2021-04-12 00:38:54.736000,4120.555,4119.597,2710,4190
2021-04-12 00:38:54.787000,4120.549,4119.836,2250,2250
2021-04-12 00:39:06.763000,4120.249,4119.837,2250,890
2021-04-12 00:39:06.814000,4120.252,4119.539,2250,2250
2021-04-12 00:39:10.393000,4120.452,4119.546,2710,4190
2021-04-12 00:39:10.443000,4120.401,4119.745,2250,2250
2021-04-12 00:39:10.714000,4120.546,4119.743,2710,4190
2021-04-12 00:39:10.764000,4120.555,4119.842,2250,2250
2021-04-12 00:39:13.048000,4120.467,4119.852,2250,890
2021-04-12 00:39:13.098000,4120.455,4119.733,2250,2250
2021-04-12 00:39:13.384000,4120.555,4119.737,2710,4190
2021-04-12 00:39:13.434000,4120.549,4119.848,2250,2250
2021-04-12 00:39:15.588000,4120.446,4119.748,2250,2250
2021-04-12 00:39:15.916000,4120.258,4119.542,2250,2250
2021-04-12 00:39:16.189000,4120.467,4119.597,2710,4190
2021-04-12 00:39:16.240000,4120.452,4119.799,2250,2250
2021-04-12 00:39:16.508000,4120.258,4119.746,2250,890
2021-04-12 00:39:16.558000,4120.249,4119.554,2250,2250
2021-04-12 00:39:20.401000,4120.461,4119.597,2710,4190
2021-04-12 00:39:20.451000,4120.467,4119.733,2250,2250
2021-04-12 00:39:21.232000,4120.546,4119.752,2710,4190
2021-04-12 00:39:21.282000,4120.564,4119.842,2250,2250
2021-04-12 00:39:45.630000,4120.755,4119.849,2710,4190
2021-04-12 00:39:45.681000,4120.749,4120.054,2250,2250
2021-04-12 00:39:52.441000,4121.049,4120.052,2710,4190
2021-04-12 00:39:52.491000,4121.049,4120.354,2250,2250
2021-04-12 00:39:52.806000,4120.955,4120.337,2250,890
2021-04-12 00:39:52.856000,4120.949,4120.245,2250,2250
2021-04-12 00:39:52.967000,4121.064,4120.249,2710,4190
2021-04-12 00:39:53.017000,4121.061,4120.348,2250,2250
2021-04-12 00:39:53.928000,4121.252,4120.34,2710,4190
2021-04-12 00:39:53.978000,4121.249,4120.536,2250,2250
2021-04-12 00:39:54.429000,4121.046,4120.534,2250,890
2021-04-12 00:39:54.480000,4121.055,4120.345,2250,2250
2021-04-12 00:39:57.591000,4121.158,4120.34,2710,4190
2021-04-12 00:39:57.641000,4121.158,4120.442,2250,2250
2021-04-12 00:39:57.831000,4121.064,4120.342,2250,2250
2021-04-12 00:39:59.872000,4121.249,4120.34,2710,4190
2021-04-12 00:39:59.923000,4121.201,4120.545,2250,2250
2021-04-12 00:40:00.361000,4121.055,4120.534,2250,890
2021-04-12 00:40:00.411000,4121.058,4120.333,2250,2250
2021-04-12 00:40:02.296000,4121.261,4120.331,2710,4190
2021-04-12 00:40:02.346000,4121.261,4120.551,2250,2250
2021-04-12 00:40:02.456000,4121.161,4120.448,2250,2250
2021-04-12 00:40:02.617000,4121.055,4120.449,2250,890
2021-04-12 00:40:02.668000,4121.067,4120.354,2250,2250
2021-04-12 00:40:04.991000,4121.101,4120.448,2250,2250
2021-04-12 00:40:05.458000,4121.252,4120.434,2710,4190
2021-04-12 00:40:05.508000,4121.249,4120.548,2250,2250
2021-04-12 00:40:06.680000,4121.046,4120.546,2250,890
2021-04-12 00:40:06.730000,4121.058,4120.354,2250,2250
2021-04-12 00:40:07.000000,4121.155,4120.346,2710,4190
2021-04-12 00:40:07.051000,4121.152,4120.451,2250,2250
2021-04-12 00:40:07.162000,4121.249,4120.443,2710,4190
2021-04-12 00:40:07.212000,4121.201,4120.548,2250,2250
2021-04-12 00:40:07.321000,4121.549,4120.549,2710,4190
2021-04-12 00:40:07.371000,4121.558,4120.845,2250,2250
2021-04-12 00:40:08.281000,4121.701,4120.837,2710,4190
2021-04-12 00:40:08.331000,4121.767,4121.039,2250,2250
2021-04-12 00:40:14.593000,4121.646,4121.049,2250,890
2021-04-12 00:40:14.644000,4121.649,4120.948,2250,2250
2021-04-12 00:40:15.173000,4121.764,4120.946,2710,4190
2021-04-12 00:40:15.223000,4121.755,4121.054,2250,2250
2021-04-12 00:40:19.512000,4122.046,4121.043,2710,4190
2021-04-12 00:40:19.562000,4122.049,4121.354,2250,2250
2021-04-12 00:40:19.675000,4121.752,4121.397,2250,890
2021-04-12 00:40:19.725000,4121.764,4121.042,2250,2250
2021-04-12 00:40:42.479000,4121.752,4121.331,2250,890
2021-04-12 00:40:42.530000,4122.055,4121.399,2250,2250
2021-04-12 00:40:50.329000,4121.767,4121.34,2250,890
2021-04-12 00:40:50.379000,4121.758,4121.054,2250,2250
2021-04-12 00:40:50.488000,4122.049,4121.037,2710,4190
2021-04-12 00:40:50.538000,4122.058,4121.351,2250,2250
2021-04-12 00:40:57.625000,4121.958,4121.349,2250,890
2021-04-12 00:40:57.675000,4121.949,4121.245,2250,2250
2021-04-12 00:40:57.782000,4122.055,4121.252,2710,4190
2021-04-12 00:40:57.832000,4122.061,4121.336,2250,2250
2021-04-12 00:41:00.164000,4121.949,4121.34,2250,890
2021-04-12 00:41:00.214000,4121.958,4121.299,2250,2250
2021-04-12 00:41:01.228000,4122.067,4121.234,2710,4190
2021-04-12 00:41:01.278000,4122.055,4121.351,2250,2250
2021-04-12 00:41:05.172000,4121.764,4121.042,2250,2250
2021-04-12 00:41:08.489000,4122.052,4121.046,2710,4190
2021-04-12 00:41:08.539000,4122.046,4121.354,2250,2250
2021-04-12 00:41:11.278000,4121.949,4121.34,2250,890
2021-04-12 00:41:11.328000,4121.961,4121.233,2250,2250
2021-04-12 00:41:12.180000,4121.755,4121.24,2250,890
2021-04-12 00:41:12.231000,4121.701,4121.048,2250,2250
2021-04-12 00:41:20.043000,4122.067,4121.046,2710,4190
2021-04-12 00:41:20.093000,4122.046,4121.333,2250,2250
2021-04-12 00:41:33.279000,4121.761,4121.337,2250,890
2021-04-12 00:41:33.330000,4121.752,4121.042,2250,2250
2021-04-12 00:41:46.483000,4122.052,4121.043,2710,4190
2021-04-12 00:41:46.534000,4122.055,4121.399,2250,2250
2021-04-12 00:41:48.823000,4121.955,4121.331,2250,890
2021-04-12 00:41:48.874000,4121.958,4121.248,2250,2250
2021-04-12 00:41:49.335000,4122.046,4121.24,2710,4190
2021-04-12 00:41:49.385000,4122.061,4121.336,2250,2250
2021-04-12 00:42:03.804000,4121.761,4121.349,2250,890
2021-04-12 00:42:03.854000,4121.749,4121.042,2250,2250
2021-04-12 00:42:09.133000,4121.501,4121.046,2250,890
2021-04-12 00:42:09.183000,4121.546,4120.842,2250,2250
2021-04-12 00:42:09.541000,4121.701,4121.054,2250,2250
2021-04-12 00:42:12.292000,4121.549,4121.043,2250,890
2021-04-12 00:42:12.342000,4121.558,4120.842,2250,2250
2021-04-12 00:42:12.442000,4121.767,4120.831,2710,4190
2021-04-12 00:42:12.492000,4121.755,4121.045,2250,2250
2021-04-12 00:42:22.549000,4122.061,4121.034,2710,4190
2021-04-12 00:42:22.599000,4122.046,4121.354,2250,2250
2021-04-12 00:42:30.375000,4122.264,4121.34,2710,4190
2021-04-12 00:42:30.425000,4122.264,4121.554,2250,2250
2021-04-12 00:42:52.534000,4122.555,4121.597,2710,4190
2021-04-12 00:42:52.585000,4122.558,4121.839,2250,2250
2021-04-12 00:43:17.959000,4122.201,4121.897,2250,890
2021-04-12 00:43:18.010000,4122.261,4121.536,2250,2250
2021-04-12 00:43:25.704000,4122.501,4121.531,2710,4190
2021-04-12 00:43:25.754000,4122.555,4121.836,2250,2250
2021-04-12 00:43:25.871000,4122.249,4121.852,2250,890
2021-04-12 00:43:25.921000,4122.252,4121.533,2250,2250
2021-04-12 00:43:30.391000,4122.567,4121.534,2710,4190
2021-04-12 00:43:30.442000,4122.552,4121.848,2250,2250
2021-04-12 00:43:35.241000,4122.749,4121.852,2710,4190
2021-04-12 00:43:35.291000,4122.701,4122.042,2250,2250
2021-04-12 00:43:35.736000,4123.061,4122.345,2250,2250
2021-04-12 00:43:35.879000,4123.149,4122.331,2710,4190
2021-04-12 00:43:35.929000,4123.146,4122.433,2250,2250
2021-04-12 00:43:36.066000,4123.067,4122.348,2250,2250
2021-04-12 00:43:36.396000,4123.161,4122.439,2250,2250
2021-04-12 00:43:36.519000,4123.055,4122.431,2250,890
2021-04-12 00:43:36.569000,4123.064,4122.336,2250,2250
2021-04-12 00:43:36.726000,4123.152,4122.436,2250,2250
2021-04-12 00:43:36.839000,4123.058,4122.431,2250,890
2021-04-12 00:43:36.889000,4123.046,4122.354,2250,2250
2021-04-12 00:43:37.056000,4123.149,4122.445,2250,2250
2021-04-12 00:43:37.160000,4123.067,4122.44,2250,890
2021-04-12 00:43:37.211000,4123.064,4122.336,2250,2250
2021-04-12 00:43:45.992000,4122.761,4122.346,2250,890
2021-04-12 00:43:46.043000,4122.749,4122.051,2250,2250
2021-04-12 00:43:49.332000,4122.558,4122.043,2250,890
2021-04-12 00:43:49.382000,4122.546,4121.899,2250,2250
2021-04-12 00:43:49.977000,4122.661,4121.846,2710,4190
2021-04-12 00:43:50.027000,4122.655,4121.936,2250,2250
2021-04-12 00:43:50.796000,4122.549,4121.997,2250,890
2021-04-12 00:43:50.846000,4122.567,4121.851,2250,2250
2021-04-12 00:43:51.741000,4122.752,4121.846,2710,4190
2021-04-12 00:43:51.791000,4122.767,4122.039,2250,2250
2021-04-12 00:44:03.950000,4123.046,4122.046,2710,4190
2021-04-12 00:44:04.000000,4123.064,4122.399,2250,2250
2021-04-12 00:44:04.129000,4122.755,4122.054,2250,2250
2021-04-12 00:44:14.361000,4122.558,4121.836,2250,2250
2021-04-12 00:44:27.611000,4122.646,4121.834,2710,4190
2021-04-12 00:44:27.662000,4122.649,4121.999,2250,2250
2021-04-12 00:44:27.769000,4122.752,4121.937,2710,4190
2021-04-12 00:44:27.819000,4122.758,4122.042,2250,2250
2021-04-12 00:44:34.093000,4122.564,4122.097,2250,890
2021-04-12 00:44:34.144000,4122.561,4121.833,2250,2250
2021-04-12 00:44:43.302000,4122.749,4121.84,2710,4190
2021-04-12 00:44:43.353000,4122.767,4122.054,2250,2250
2021-04-12 00:44:46.959000,4123.046,4122.037,2710,4190
2021-04-12 00:44:47.009000,4123.055,4122.345,2250,2250
2021-04-12 00:44:50.392000,4123.252,4122.334,2710,4190
2021-04-12 00:44:50.442000,4123.267,4122.551,2250,2250
2021-04-12 00:44:51.819000,4123.164,4122.549,2250,890
2021-04-12 00:44:51.869000,4123.164,4122.454,2250,2250
2021-04-12 00:44:52.140000,4123.064,4122.44,2250,890
2021-04-12 00:44:52.190000,4123.046,4122.336,2250,2250
2021-04-12 00:45:00.081000,4122.758,4122.352,2250,890
2021-04-12 00:45:00.132000,4122.761,4122.099,2250,2250
2021-04-12 00:45:03.591000,4122.955,4122.043,2710,4190
2021-04-12 00:45:03.642000,4122.958,4122.251,2250,2250
2021-04-12 00:45:03.752000,4122.746,4122.297,2250,890
2021-04-12 00:45:03.803000,4122.767,4122.033,2250,2250
2021-04-12 00:45:10.812000,4123.061,4122.046,2710,4190
2021-04-12 00:45:10.863000,4123.058,4122.339,2250,2250
2021-04-12 00:45:17.663000,4123.255,4122.334,2710,4190
2021-04-12 00:45:17.713000,4123.267,4122.599,2250,2250
2021-04-12 00:45:19.531000,4123.067,4122.546,2250,890
2021-04-12 00:45:19.581000,4123.058,4122.339,2250,2250
2021-04-12 00:45:19.719000,4123.252,4122.536,2250,2250
2021-04-12 00:45:24.528000,4123.055,4122.597,2250,890
2021-04-12 00:45:24.578000,4123.067,4122.339,2250,2250
2021-04-12 00:45:41.337000,4122.752,4122.349,2250,890
2021-04-12 00:45:41.387000,4122.761,4122.048,2250,2250
2021-04-12 00:46:00.331000,4122.664,4121.942,2250,2250
2021-04-12 00:46:00.481000,4122.549,4121.943,2250,890
2021-04-12 00:46:00.532000,4122.567,4121.848,2250,2250
2021-04-12 00:46:01.472000,4122.249,4121.849,2250,890
2021-04-12 00:46:01.522000,4122.258,4121.545,2250,2250
2021-04-12 00:46:04.426000,4122.564,4121.546,2710,4190
2021-04-12 00:46:04.477000,4122.558,4121.836,2250,2250
2021-04-12 00:46:05.768000,4122.746,4121.84,2710,4190
2021-04-12 00:46:05.818000,4122.749,4122.039,2250,2250
2021-04-12 00:46:08.370000,4122.561,4122.031,2250,890
2021-04-12 00:46:08.420000,4122.501,4121.845,2250,2250
2021-04-12 00:46:12.095000,4122.246,4121.852,2250,890
2021-04-12 00:46:12.145000,4122.255,4121.545,2250,2250
2021-04-12 00:46:21.585000,4122.046,4121.549,2250,890
2021-04-12 00:46:21.635000,4122.067,4121.348,2250,2250
2021-04-12 00:46:31.356000,4121.761,4121.033,2250,2250
2021-04-12 00:46:34.829000,4121.964,4121.037,2710,4190
2021-04-12 00:46:34.879000,4121.961,4121.251,2250,2250
2021-04-12 00:46:35.316000,4122.061,4121.345,2250,2250
2021-04-12 00:47:02.130000,4121.967,4121.334,2250,890
2021-04-12 00:47:02.180000,4121.901,4121.233,2250,2250
2021-04-12 00:47:04.825000,4122.055,4121.234,2710,4190
2021-04-12 00:47:04.876000,4122.064,4121.345,2250,2250
2021-04-12 00:47:41.367000,4122.064,4121.531,2250,890
2021-04-12 00:47:41.418000,4122.201,4121.554,2250,2250
2021-04-12 00:48:04.542000,4122.067,4121.534,2250,890
2021-04-12 00:48:04.593000,4122.055,4121.339,2250,2250
2021-04-12 00:48:35.381000,4122.252,4121.352,2710,4190
2021-04-12 00:48:35.432000,4122.267,4121.548,2250,2250
2021-04-12 00:48:36.159000,4122.152,4121.597,2250,890
2021-04-12 00:48:36.210000,4122.152,4121.436,2250,2250
2021-04-12 00:48:36.587000,4122.264,4121.431,2710,4190
2021-04-12 00:48:36.637000,4122.255,4121.533,2250,2250
2021-04-12 00:48:58.312000,4122.058,4121.549,2250,890
2021-04-12 00:48:58.363000,4122.061,4121.339,2250,2250
2021-04-12 00:49:07.871000,4121.701,4121.352,2250,890
2021-04-12 00:49:07.922000,4121.764,4121.036,2250,2250
2021-04-12 00:49:08.351000,4122.064,4121.049,2710,4190
2021-04-12 00:49:08.401000,4122.067,4121.399,2250,2250
2021-04-12 00:49:08.512000,4121.901,4121.343,2250,890
2021-04-12 00:49:08.562000,4121.946,4121.299,2250,2250
2021-04-12 00:49:09.149000,4122.001,4121.297,2710,4190
2021-04-12 00:49:09.200000,4122.058,4121.342,2250,2250
2021-04-12 00:49:09.310000,4121.952,4121.349,2250,890
2021-04-12 00:49:09.360000,4121.958,4121.242,2250,2250
2021-04-12 00:49:09.729000,4121.761,4121.231,2250,890
2021-04-12 00:49:09.779000,4121.701,4121.042,2250,2250
2021-04-12 00:49:13.127000,4121.952,4121.052,2710,4190
2021-04-12 00:49:13.178000,4121.964,4121.242,2250,2250
2021-04-12 00:49:13.288000,4121.758,4121.24,2250,890
2021-04-12 00:49:13.338000,4121.755,4121.054,2250,2250
2021-04-12 00:49:21.863000,4122.052,4121.052,2710,4190
2021-04-12 00:49:21.913000,4122.055,4121.348,2250,2250
2021-04-12 00:49:34.929000,4121.764,4121.352,2250,890
2021-04-12 00:49:34.979000,4121.767,4121.051,2250,2250
2021-04-12 00:49:38.062000,4122.052,4121.097,2710,4190
2021-04-12 00:49:38.112000,4122.067,4121.333,2250,2250
2021-04-12 00:49:39.935000,4121.967,4121.343,2250,890
2021-04-12 00:49:39.985000,4121.961,4121.251,2250,2250
2021-04-12 00:49:40.493000,4122.052,4121.297,2710,4190
2021-04-12 00:49:40.544000,4122.058,4121.345,2250,2250
2021-04-12 00:49:41.484000,4121.964,4121.248,2250,2250
2021-04-12 00:49:42.315000,4121.758,4121.246,2250,890
2021-04-12 00:49:42.365000,4121.764,4121.033,2250,2250
2021-04-12 00:50:13.406000,4122.001,4121.046,2710,4190
2021-04-12 00:50:13.456000,4122.052,4121.354,2250,2250
2021-04-12 00:50:30.879000,4122.246,4121.352,2710,4190
2021-04-12 00:50:30.929000,4122.267,4121.539,2250,2250
2021-04-12 00:50:55.030000,4122.449,4121.543,2710,4190
2021-04-12 00:50:55.080000,4122.467,4121.739,2250,2250
2021-04-12 00:50:55.985000,4122.201,4121.797,2250,890
2021-04-12 00:50:56.036000,4122.255,4121.551,2250,2250
2021-04-12 00:50:58.944000,4122.461,4121.531,2710,4190
2021-04-12 00:50:58.994000,4122.461,4121.748,2250,2250
2021-04-12 00:51:00.587000,4122.264,4121.734,2250,890
2021-04-12 00:51:00.637000,4122.246,4121.548,2250,2250
2021-04-12 00:51:00.747000,4122.455,4121.597,2710,4190
2021-04-12 00:51:00.797000,4122.449,4121.736,2250,2250
2021-04-12 00:51:00.907000,4122.249,4121.746,2250,890
2021-04-12 00:51:00.957000,4122.249,4121.548,2250,2250
2021-04-12 00:51:01.711000,4122.558,4121.534,2710,4190
2021-04-12 00:51:01.762000,4122.549,4121.851,2250,2250
2021-04-12 00:51:01.889000,4122.452,4121.751,2250,2250
2021-04-12 00:51:02.044000,4122.561,4121.749,2710,4190
2021-04-12 00:51:02.094000,4122.555,4121.839,2250,2250
2021-04-12 00:51:02.525000,4122.246,4121.852,2250,890
2021-04-12 00:51:02.575000,4122.258,4121.536,2250,2250
2021-04-12 00:51:02.686000,4122.546,4121.534,2710,4190
2021-04-12 00:51:02.736000,4122.552,4121.842,2250,2250
2021-04-12 00:51:26.573000,4122.258,4121.834,2250,890
2021-04-12 00:51:26.623000,4122.264,4121.551,2250,2250
2021-04-12 00:51:45.343000,4122.501,4121.531,2710,4190
2021-04-12 00:51:45.394000,4122.558,4121.839,2250,2250
2021-04-12 00:51:51.606000,4122.464,4121.852,2250,890
2021-04-12 00:51:51.657000,4122.446,4121.739,2250,2250
2021-04-12 00:51:51.771000,4122.261,4121.74,2250,890
2021-04-12 00:51:51.821000,4122.249,4121.545,2250,2250
2021-04-12 00:51:55.489000,4122.549,4121.851,2250,2250
2021-04-12 00:52:00.227000,4122.261,4121.837,2250,890
2021-04-12 00:52:00.277000,4122.249,4121.554,2250,2250
2021-04-12 00:52:10.366000,4122.561,4121.534,2710,4190
2021-04-12 00:52:10.417000,4122.549,4121.848,2250,2250
2021-04-12 00:52:10.530000,4122.261,4121.852,2250,890
2021-04-12 00:52:10.581000,4122.267,4121.545,2250,2250
2021-04-12 00:52:26.541000,4122.558,4121.534,2710,4190
2021-04-12 00:52:26.592000,4122.561,4121.851,2250,2250
2021-04-12 00:52:27.689000,4122.252,4121.831,2250,890
2021-04-12 00:52:27.739000,4122.201,4121.545,2250,2250
2021-04-12 00:52:28.176000,4122.267,4121.334,2710,4190
2021-04-12 00:52:28.226000,4122.052,4121.333,2250,2250
2021-04-12 00:52:53.860000,4121.755,4121.349,2250,890
2021-04-12 00:52:53.910000,4121.746,4121.033,2250,2250
2021-04-12 00:53:06.558000,4122.046,4121.037,2710,4190
2021-04-12 00:53:06.608000,4122.049,4121.399,2250,2250
2021-04-12 00:53:12.273000,4121.758,4121.334,2250,890
2021-04-12 00:53:12.323000,4121.749,4121.042,2250,2250
2021-04-12 00:53:12.753000,4121.961,4121.043,2710,4190
2021-04-12 00:53:12.803000,4121.967,4121.239,2250,2250
2021-04-12 00:53:13.427000,4122.061,4121.297,2710,4190
2021-04-12 00:53:13.477000,4122.058,4121.342,2250,2250
2021-04-12 00:53:14.233000,4121.752,4121.334,2250,890
2021-04-12 00:53:14.284000,4121.752,4121.048,2250,2250
2021-04-12 00:53:14.552000,4121.967,4121.046,2710,4190
2021-04-12 00:53:14.603000,4121.955,4121.299,2250,2250
2021-04-12 00:53:14.753000,4121.758,4121.237,2250,890
2021-04-12 00:53:14.804000,4121.761,4121.036,2250,2250
2021-04-12 00:54:01.759000,4121.558,4121.097,2250,890
2021-04-12 00:54:01.810000,4121.555,4120.899,2250,2250
2021-04-12 00:54:11.581000,4121.746,4120.843,2710,4190
2021-04-12 00:54:11.631000,4121.752,4121.051,2250,2250
2021-04-12 00:54:11.739000,4121.558,4121.097,2250,890
2021-04-12 00:54:11.790000,4121.546,4120.854,2250,2250
2021-04-12 00:54:11.899000,4121.701,4120.852,2710,4190
2021-04-12 00:54:11.949000,4121.746,4121.054,2250,2250
2021-04-12 00:54:12.058000,4121.655,4121.04,2250,890
2021-04-12 00:54:12.109000,4121.664,4120.939,2250,2250
2021-04-12 00:54:12.498000,4121.555,4120.997,2250,890
2021-04-12 00:54:12.548000,4121.546,4120.845,2250,2250
2021-04-12 00:54:20.104000,4121.767,4120.852,2710,4190
2021-04-12 00:54:20.155000,4121.758,4121.045,2250,2250
2021-04-12 00:55:00.484000,4122.046,4121.097,2710,4190
2021-04-12 00:55:00.534000,4122.049,4121.399,2250,2250
2021-04-12 00:55:00.673000,4121.758,4121.048,2250,2250
2021-04-12 00:55:44.777000,4121.567,4121.046,2250,890
2021-04-12 00:55:44.827000,4121.558,4120.851,2250,2250
2021-04-12 00:55:44.938000,4121.552,4121.049,2250,890
2021-04-12 00:55:44.988000,4121.758,4121.054,2250,2250
2021-04-12 00:56:07.353000,4122.058,4121.043,2710,4190
2021-04-12 00:56:07.404000,4122.055,4121.354,2250,2250
2021-04-12 00:56:29.893000,4122.061,4121.543,2250,890
2021-04-12 00:56:29.943000,4122.264,4121.536,2250,2250
2021-04-12 00:57:00.352000,4122.546,4121.546,2710,4190
2021-04-12 00:57:00.403000,4122.549,4121.854,2250,2250
2021-04-12 00:57:01.600000,4122.246,4121.834,2250,890
2021-04-12 00:57:01.651000,4122.267,4121.554,2250,2250
2021-04-12 00:57:02.303000,4122.567,4121.54,2710,4190
2021-04-12 00:57:02.354000,4122.561,4121.833,2250,2250
2021-04-12 00:57:09.310000,4122.749,4121.837,2710,4190
2021-04-12 00:57:09.360000,4122.761,4122.048,2250,2250
2021-04-12 00:57:11.948000,4122.758,4122.352,2250,890
2021-04-12 00:57:11.998000,4123.061,4122.351,2250,2250
2021-04-12 00:57:13.604000,4123.252,4122.397,2710,4190
2021-04-12 00:57:13.654000,4123.264,4122.548,2250,2250
2021-04-12 00:57:13.764000,4123.052,4122.546,2250,890
2021-04-12 00:57:13.814000,4123.064,4122.399,2250,2250
2021-04-12 00:57:16.021000,4123.161,4122.349,2710,4190
2021-04-12 00:57:16.072000,4123.101,4122.439,2250,2250
2021-04-12 00:57:16.457000,4123.249,4122.443,2710,4190
2021-04-12 00:57:16.507000,4123.201,4122.554,2250,2250
2021-04-12 00:57:16.616000,4123.152,4122.546,2250,890
2021-04-12 00:57:16.666000,4123.167,4122.436,2250,2250
2021-04-12 00:57:17.119000,4123.064,4122.497,2250,890
2021-04-12 00:57:17.169000,4123.001,4122.342,2250,2250
2021-04-12 00:57:17.819000,4123.146,4122.34,2710,4190
2021-04-12 00:57:17.869000,4123.158,4122.454,2250,2250
2021-04-12 00:57:18.001000,4123.261,4122.554,2250,2250
2021-04-12 00:57:35.697000,4123.158,4122.534,2250,890
2021-04-12 00:57:35.747000,4123.167,4122.451,2250,2250
2021-04-12 00:57:35.863000,4123.067,4122.446,2250,890
2021-04-12 00:57:35.914000,4123.055,4122.336,2250,2250
2021-04-12 00:57:43.416000,4122.758,4122.051,2250,2250
2021-04-12 00:57:43.543000,4123.046,4122.052,2710,4190
2021-04-12 00:57:43.594000,4123.049,4122.342,2250,2250
2021-04-12 00:58:14.115000,4122.767,4122.054,2250,2250
2021-04-12 00:58:34.666000,4122.655,4122.097,2250,890
2021-04-12 00:58:34.716000,4122.652,4121.936,2250,2250
2021-04-12 00:58:35.046000,4122.567,4121.94,2250,890
2021-04-12 00:58:35.096000,4122.549,4121.833,2250,2250
2021-04-12 00:58:43.442000,4122.264,4121.84,2250,890
2021-04-12 00:58:43.492000,4122.258,4121.551,2250,2250
2021-04-12 00:58:45.522000,4122.446,4121.552,2710,4190
2021-04-12 00:58:45.573000,4122.401,4121.748,2250,2250
2021-04-12 00:58:45.675000,4122.261,4121.746,2250,890
2021-04-12 00:58:45.725000,4122.249,4121.548,2250,2250
2021-04-12 00:58:51.220000,4122.458,4121.54,2710,4190
2021-04-12 00:58:51.270000,4122.455,4121.751,2250,2250
2021-04-12 00:58:51.418000,4122.246,4121.536,2250,2250
2021-04-12 00:59:08.254000,4122.501,4121.833,2250,2250
2021-04-12 00:59:08.996000,4122.252,4121.837,2250,890
2021-04-12 00:59:09.046000,4122.201,4121.542,2250,2250
2021-04-12 00:59:51.858000,4122.401,4121.54,2710,4190
2021-04-12 00:59:51.909000,4122.446,4121.742,2250,2250
2021-04-12 00:59:52.182000,4122.249,4121.533,2250,2250
2021-04-12 00:59:53.398000,4122.564,4121.537,2710,4190
2021-04-12 00:59:53.448000,4122.552,4121.842,2250,2250
2021-04-12 01:00:01.137000,4123.001,4121.846,2710,4190
2021-04-12 01:00:01.187000,4123.058,4122.351,2250,2250
2021-04-12 01:00:01.290000,4122.764,4122.349,2250,890
2021-04-12 01:00:01.340000,4122.749,4122.051,2250,2250
2021-04-12 01:00:01.773000,4123.058,4122.034,2710,4190
2021-04-12 01:00:01.823000,4123.061,4122.336,2250,2250
2021-04-12 01:00:01.931000,4123.255,4122.397,2710,4190
2021-04-12 01:00:01.981000,4123.264,4122.545,2250,2250
2021-04-12 01:00:03.797000,4123.161,4122.549,2250,890
2021-04-12 01:00:03.848000,4123.146,4122.454,2250,2250
2021-04-12 01:00:03.979000,4123.149,4122.343,2710,4190
2021-04-12 01:00:04.030000,4123.067,4122.339,2250,2250
2021-04-12 01:00:08.361000,4122.758,4122.397,2250,890
2021-04-12 01:00:08.411000,4122.761,4122.048,2250,2250
2021-04-12 01:00:14.624000,4122.561,4121.833,2250,2250
2021-04-12 01:00:27.400000,4122.701,4122.039,2250,2250
2021-04-12 01:00:28.591000,4122.964,4122.034,2710,4190
2021-04-12 01:00:28.641000,4122.967,4122.248,2250,2250
2021-04-12 01:00:28.934000,4123.049,4122.249,2710,4190
2021-04-12 01:00:28.985000,4123.046,4122.399,2250,2250
2021-04-12 01:00:29.095000,4122.961,4122.337,2250,890
2021-04-12 01:00:29.145000,4122.961,4122.233,2250,2250
2021-04-12 01:00:29.415000,4122.749,4122.246,2250,890
2021-04-12 01:00:29.465000,4122.752,4122.042,2250,2250
2021-04-12 01:00:29.930000,4123.067,4122.049,2710,4190
2021-04-12 01:00:29.980000,4123.067,4122.399,2250,2250
2021-04-12 01:00:30.139000,4122.961,4122.242,2250,2250
2021-04-12 01:00:30.337000,4122.761,4122.252,2250,890
2021-04-12 01:00:30.388000,4122.749,4122.033,2250,2250
2021-04-12 01:00:33.702000,4123.046,4122.031,2710,4190
2021-04-12 01:00:33.752000,4123.061,4122.399,2250,2250
2021-04-12 01:00:42.105000,4123.201,4122.349,2710,4190
2021-04-12 01:00:42.155000,4123.246,4122.533,2250,2250
2021-04-12 01:00:54.650000,4123.001,4122.537,2250,890
2021-04-12 01:00:54.700000,4123.046,4122.399,2250,2250
2021-04-12 01:00:56.990000,4123.158,4122.343,2710,4190
2021-04-12 01:00:57.040000,4123.149,4122.499,2250,2250
2021-04-12 01:00:57.550000,4123.058,4122.333,2250,2250
2021-04-12 01:01:00.884000,4122.752,4122.397,2250,890
2021-04-12 01:01:00.934000,4122.767,4122.054,2250,2250
2021-04-12 01:01:06.150000,4123.001,4122.046,2710,4190
2021-04-12 01:01:06.201000,4123.064,4122.399,2250,2250
2021-04-12 01:01:24.753000,4122.752,4122.349,2250,890
2021-04-12 01:01:24.803000,4122.767,4122.051,2250,2250
2021-04-12 01:01:32.542000,4122.501,4121.842,2250,2250
2021-04-12 01:01:47.425000,4122.749,4122.051,2250,2250
2021-04-12 01:01:48.909000,4123.061,4122.034,2710,4190
2021-04-12 01:01:48.959000,4123.046,4122.339,2250,2250
2021-04-12 01:02:00.467000,4122.701,4122.337,2250,890
2021-04-12 01:02:00.517000,4122.749,4122.033,2250,2250
2021-04-12 01:02:08.635000,4122.501,4122.043,2250,890
2021-04-12 01:02:08.686000,4122.555,4121.842,2250,2250
2021-04-12 01:02:35.854000,4122.255,4121.852,2250,890
2021-04-12 01:02:35.905000,4122.258,4121.554,2250,2250
2021-04-12 01:02:43.169000,4122.561,4121.899,2250,2250
2021-04-12 01:02:53.020000,4122.258,4121.837,2250,890
2021-04-12 01:02:53.071000,4122.267,4121.554,2250,2250
2021-04-12 01:02:55.135000,4122.501,4121.552,2710,4190
2021-04-12 01:02:55.185000,4122.558,4121.845,2250,2250
2021-04-12 01:03:01.169000,4122.255,4121.852,2250,890
2021-04-12 01:03:01.220000,4122.255,4121.536,2250,2250
2021-04-12 01:03:23.823000,4122.046,4121.543,2250,890
2021-04-12 01:03:23.873000,4122.049,4121.342,2250,2250
2021-04-12 01:03:25.348000,4121.758,4121.343,2250,890
2021-04-12 01:03:25.398000,4121.761,4121.036,2250,2250
2021-04-12 01:03:42.111000,4121.564,4121.037,2250,890
2021-04-12 01:03:42.162000,4121.552,4120.836,2250,2250
2021-04-12 01:04:04.090000,4121.246,4120.545,2250,2250
2021-04-12 01:04:05.519000,4121.501,4120.552,2710,4190
2021-04-12 01:04:05.569000,4121.561,4120.839,2250,2250
2021-04-12 01:04:08.180000,4121.464,4120.843,2250,890
2021-04-12 01:04:08.230000,4121.455,4120.799,2250,2250
2021-04-12 01:04:08.413000,4121.567,4120.734,2710,4190
2021-04-12 01:04:08.463000,4121.567,4120.842,2250,2250
2021-04-12 01:04:09.190000,4121.264,4120.84,2250,890
2021-04-12 01:04:09.241000,4121.249,4120.533,2250,2250
2021-04-12 01:04:09.372000,4121.501,4120.899,2250,2250
2021-04-12 01:04:10.031000,4121.455,4120.748,2250,2250
2021-04-12 01:04:10.145000,4121.201,4120.746,2250,890
2021-04-12 01:04:10.195000,4121.267,4120.539,2250,2250
2021-04-12 01:04:10.781000,4121.549,4120.543,2710,4190
2021-04-12 01:04:10.832000,4121.567,4120.848,2250,2250
2021-04-12 01:04:10.941000,4121.255,4120.837,2250,890
2021-04-12 01:04:10.991000,4121.249,4120.536,2250,2250
2021-04-12 01:04:42.649000,4121.501,4120.546,2710,4190
2021-04-12 01:04:42.700000,4121.555,4120.851,2250,2250
2021-04-12 01:04:48.449000,4121.261,4120.846,2250,890
2021-04-12 01:04:48.499000,4121.252,4120.542,2250,2250
2021-04-12 01:04:59.959000,4121.055,4120.552,2250,890
2021-04-12 01:05:00.009000,4121.046,4120.342,2250,2250
2021-04-12 01:05:01.985000,4121.258,4120.352,2710,4190
2021-04-12 01:05:02.036000,4121.201,4120.536,2250,2250
2021-04-12 01:05:02.189000,4121.155,4120.451,2250,2250
2021-04-12 01:05:02.461000,4121.061,4120.497,2250,890
2021-04-12 01:05:02.511000,4121.067,4120.345,2250,2250
2021-04-12 01:05:07.514000,4121.246,4120.349,2710,4190
2021-04-12 01:05:07.565000,4121.246,4120.548,2250,2250
2021-04-12 01:05:15.840000,4121.549,4120.54,2710,4190
2021-04-12 01:05:15.890000,4121.561,4120.842,2250,2250
2021-04-12 01:05:21.755000,4121.746,4120.843,2710,4190
2021-04-12 01:05:21.805000,4121.746,4121.039,2250,2250
2021-04-12 01:05:28.999000,4122.061,4121.031,2710,4190
2021-04-12 01:05:29.050000,4122.064,4121.342,2250,2250
2021-04-12 01:05:29.586000,4121.752,4121.048,2250,2250
2021-04-12 01:05:29.698000,4121.958,4121.037,2710,4190
2021-04-12 01:05:29.748000,4121.958,4121.245,2250,2250
2021-04-12 01:05:29.996000,4121.749,4121.252,2250,890
2021-04-12 01:05:30.047000,4121.764,4121.099,2250,2250
2021-04-12 01:05:42.310000,4122.052,4121.031,2710,4190
