2021-04-20 00:00:00.699000,4170.261,4169.037,3610,4190
2021-04-20 00:00:00.749000,4170.258,4169.536,2250,2250
2021-04-20 00:00:01.021000,4169.964,4169.543,2250,890
2021-04-20 00:00:01.071000,4169.961,4169.245,2250,2250
2021-04-20 00:00:01.338000,4170.249,4169.231,3610,4190
2021-04-20 00:00:01.389000,4170.261,4169.548,2250,2250
2021-04-20 00:00:01.541000,4170.755,4169.552,3610,4190
2021-04-20 00:00:01.591000,4170.749,4170.042,2250,2250
2021-04-20 00:00:01.700000,4170.452,4170.031,2250,890
2021-04-20 00:00:01.750000,4170.401,4169.748,2250,2250
2021-04-20 00:00:01.873000,4170.755,4169.797,3610,4190
2021-04-20 00:00:01.923000,4170.752,4170.048,2250,2250
2021-04-20 00:00:02.387000,4170.749,4170.231,2250,890
2021-04-20 00:00:02.438000,4170.967,4170.299,2250,2250
2021-04-20 00:00:02.521000,4170.701,4170.234,2250,890
2021-04-20 00:00:02.571000,4170.701,4170.099,2250,2250
2021-04-20 00:00:05.871000,4170.746,4169.737,3610,4190
2021-04-20 00:00:05.921000,4170.467,4169.799,2250,2250
2021-04-20 00:00:09.481000,4170.261,4169.746,2250,890
2021-04-20 00:00:09.532000,4170.249,4169.554,2250,2250
2021-04-20 00:00:09.802000,4170.452,4169.549,3610,4190
2021-04-20 00:00:09.852000,4170.452,4169.745,2250,2250
2021-04-20 00:00:09.962000,4170.246,4169.731,2250,890
2021-04-20 00:00:10.012000,4170.246,4169.542,2250,2250
2021-04-20 00:00:10.294000,4170.355,4169.534,3610,4190
2021-04-20 00:00:10.344000,4170.361,4169.651,2250,2250
2021-04-20 00:00:10.450000,4170.349,4169.531,3610,4190
2021-04-20 00:00:10.501000,4170.246,4169.545,2250,2250
2021-04-20 00:00:15.271000,4169.946,4169.531,2250,890
2021-04-20 00:00:15.321000,4169.949,4169.248,2250,2250
2021-04-20 00:00:15.594000,4170.267,4169.252,3610,4190
2021-04-20 00:00:15.644000,4170.261,4169.548,2250,2250
2021-04-20 00:00:16.499000,4170.467,4169.597,3610,4190
2021-04-20 00:00:16.549000,4170.461,4169.745,2250,2250
2021-04-20 00:00:17.800000,4170.752,4169.737,3610,4190
2021-04-20 00:00:17.850000,4170.755,4170.048,2250,2250
2021-04-20 00:00:18.568000,4170.958,4170.04,3610,4190
2021-04-20 00:00:18.725000,4170.901,4170.251,2250,2250
2021-04-20 00:00:18.775000,4170.764,4170.045,2250,2250
2021-04-20 00:00:19.369000,4170.458,4170.049,2250,890
2021-04-20 00:00:19.419000,4170.401,4169.748,2250,2250
2021-04-20 00:00:19.527000,4170.761,4169.737,3610,4190
2021-04-20 00:00:19.577000,4170.755,4170.054,2250,2250
2021-04-20 00:00:22.331000,4170.464,4170.052,2250,890
2021-04-20 00:00:22.381000,4170.446,4169.799,2250,2250
2021-04-20 00:00:23.311000,4170.255,4169.797,2250,890
2021-04-20 00:00:23.361000,4170.252,4169.599,2250,2250
2021-04-20 00:00:25.461000,4169.958,4169.531,2250,890
2021-04-20 00:00:25.511000,4169.955,4169.251,2250,2250
2021-04-20 00:00:27.064000,4169.964,4169.034,3610,4190
2021-04-20 00:00:27.114000,4169.767,4169.054,2250,2250
2021-04-20 00:00:27.891000,4169.961,4169.04,3610,4190
2021-04-20 00:00:27.942000,4169.949,4169.242,2250,2250
2021-04-20 00:00:28.364000,4169.861,4169.237,2250,890
2021-04-20 00:00:28.414000,4169.849,4169.142,2250,2250
2021-04-20 00:00:28.530000,4169.758,4169.146,2250,890
2021-04-20 00:00:28.580000,4169.764,4169.033,2250,2250
2021-04-20 00:00:28.689000,4169.955,4169.046,3610,4190
2021-04-20 00:00:28.740000,4169.949,4169.239,2250,2250
2021-04-20 00:00:34.769000,4169.761,4169.246,2250,890
2021-04-20 00:00:34.819000,4169.761,4169.048,2250,2250
2021-04-20 00:00:34.925000,4169.855,4169.049,3610,4190
2021-04-20 00:00:34.975000,4169.855,4169.142,2250,2250
2021-04-20 00:00:35.119000,4169.955,4169.197,3610,4190
2021-04-20 00:00:35.169000,4169.901,4169.233,2250,2250
2021-04-20 00:00:35.278000,4169.767,4169.24,2250,890
2021-04-20 00:00:35.328000,4169.758,4169.036,2250,2250
2021-04-20 00:00:38.633000,4169.849,4169.043,3610,4190
2021-04-20 00:00:38.683000,4169.849,4169.136,2250,2250
2021-04-20 00:00:39.118000,4169.767,4169.152,2250,890
2021-04-20 00:00:39.168000,4169.767,4169.042,2250,2250
2021-04-20 00:00:41.039000,4169.967,4169.037,3610,4190
2021-04-20 00:00:41.089000,4169.967,4169.236,2250,2250
2021-04-20 00:00:41.358000,4169.761,4169.24,2250,890
2021-04-20 00:00:41.409000,4169.758,4169.033,2250,2250
2021-04-20 00:00:51.588000,4169.658,4169.046,2250,890
2021-04-20 00:00:51.638000,4169.667,4168.936,2250,2250
2021-04-20 00:00:51.748000,4169.452,4168.94,2250,890
2021-04-20 00:00:51.799000,4169.461,4168.754,2250,2250
2021-04-20 00:00:56.331000,4169.749,4168.737,3610,4190
2021-04-20 00:00:56.381000,4169.758,4169.054,2250,2250
2021-04-20 00:00:59.973000,4169.461,4169.097,2250,890
2021-04-20 00:01:00.024000,4169.446,4168.745,2250,2250
2021-04-20 00:01:06.790000,4169.249,4168.545,2250,2250
2021-04-20 00:01:06.948000,4169.449,4168.543,3610,4190
2021-04-20 00:01:06.998000,4169.461,4168.751,2250,2250
2021-04-20 00:01:07.108000,4169.361,4168.797,2250,890
2021-04-20 00:01:07.158000,4169.346,4168.654,2250,2250
2021-04-20 00:01:07.270000,4169.201,4168.634,2250,890
2021-04-20 00:01:07.320000,4169.255,4168.599,2250,2250
2021-04-20 00:01:07.430000,4169.455,4168.537,3610,4190
2021-04-20 00:01:07.480000,4169.467,4168.739,2250,2250
2021-04-20 00:01:08.068000,4169.361,4168.737,2250,890
2021-04-20 00:01:08.119000,4169.361,4168.642,2250,2250
2021-04-20 00:01:08.228000,4169.264,4168.646,2250,890
2021-04-20 00:01:08.278000,4169.258,4168.599,2250,2250
2021-04-20 00:01:09.547000,4169.455,4168.537,3610,4190
2021-04-20 00:01:09.598000,4169.467,4168.748,2250,2250
2021-04-20 00:01:10.187000,4169.346,4168.749,2250,890
2021-04-20 00:01:10.237000,4169.355,4168.654,2250,2250
2021-04-20 00:01:10.345000,4169.455,4168.646,3610,4190
2021-04-20 00:01:10.396000,4169.461,4168.799,2250,2250
2021-04-20 00:01:10.665000,4169.358,4168.737,2250,890
2021-04-20 00:01:10.715000,4169.352,4168.651,2250,2250
2021-04-20 00:01:11.223000,4169.246,4168.649,2250,890
2021-04-20 00:01:11.274000,4169.261,4168.599,2250,2250
2021-04-20 00:01:15.384000,4169.401,4168.552,3610,4190
2021-04-20 00:01:15.435000,4169.446,4168.754,2250,2250
2021-04-20 00:01:15.545000,4169.358,4168.749,2250,890
2021-04-20 00:01:15.596000,4169.364,4168.654,2250,2250
2021-04-20 00:01:15.704000,4169.258,4168.637,2250,890
2021-04-20 00:01:15.755000,4169.264,4168.533,2250,2250
2021-04-20 00:01:16.770000,4169.364,4168.531,3610,4190
2021-04-20 00:01:16.821000,4169.301,4168.642,2250,2250
2021-04-20 00:01:16.931000,4169.401,4168.631,3610,4190
2021-04-20 00:01:16.981000,4169.446,4168.742,2250,2250
2021-04-20 00:01:19.690000,4169.758,4168.797,3610,4190
2021-04-20 00:01:19.741000,4169.752,4169.048,2250,2250
2021-04-20 00:01:20.741000,4169.967,4169.034,3610,4190
2021-04-20 00:01:20.791000,4169.949,4169.245,2250,2250
2021-04-20 00:01:22.936000,4169.764,4169.231,2250,890
2021-04-20 00:01:22.987000,4169.767,4169.036,2250,2250
2021-04-20 00:01:28.289000,4169.952,4169.049,3610,4190
2021-04-20 00:01:28.339000,4169.964,4169.248,2250,2250
2021-04-20 00:01:37.915000,4170.161,4169.243,3610,4190
2021-04-20 00:01:37.965000,4170.155,4169.448,2250,2250
2021-04-20 00:01:38.161000,4169.955,4169.437,2250,890
2021-04-20 00:01:38.212000,4169.967,4169.242,2250,2250
2021-04-20 00:01:38.481000,4170.101,4169.297,3610,4190
2021-04-20 00:01:38.532000,4170.164,4169.499,2250,2250
2021-04-20 00:01:38.803000,4170.261,4169.446,3610,4190
2021-04-20 00:01:38.854000,4170.258,4169.536,2250,2250
2021-04-20 00:01:39.123000,4169.955,4169.549,2250,890
2021-04-20 00:01:39.173000,4169.946,4169.299,2250,2250
2021-04-20 00:01:41.016000,4170.255,4169.231,3610,4190
2021-04-20 00:01:41.067000,4170.246,4169.548,2250,2250
2021-04-20 00:01:41.173000,4170.152,4169.546,2250,890
2021-04-20 00:01:41.224000,4170.158,4169.436,2250,2250
2021-04-20 00:01:41.336000,4169.955,4169.443,2250,890
2021-04-20 00:01:41.386000,4169.952,4169.239,2250,2250
2021-04-20 00:01:44.512000,4170.201,4169.246,3610,4190
2021-04-20 00:01:44.562000,4170.252,4169.536,2250,2250
2021-04-20 00:01:47.773000,4170.467,4169.543,3610,4190
2021-04-20 00:01:47.824000,4170.455,4169.733,2250,2250
2021-04-20 00:01:51.520000,4170.364,4169.737,2250,890
2021-04-20 00:01:51.570000,4170.358,4169.654,2250,2250
2021-04-20 00:01:51.681000,4170.455,4169.637,3610,4190
2021-04-20 00:01:51.731000,4170.455,4169.748,2250,2250
2021-04-20 00:01:58.569000,4170.701,4169.737,3610,4190
2021-04-20 00:01:58.619000,4170.746,4170.039,2250,2250
2021-04-20 00:02:02.403000,4170.658,4170.031,2250,890
2021-04-20 00:02:02.453000,4170.661,4169.933,2250,2250
2021-04-20 00:02:02.564000,4170.764,4169.952,3610,4190
2021-04-20 00:02:02.614000,4170.764,4170.048,2250,2250
2021-04-20 00:02:09.432000,4170.464,4170.052,2250,890
2021-04-20 00:02:09.482000,4170.458,4169.751,2250,2250
2021-04-20 00:02:11.837000,4170.255,4169.746,2250,890
2021-04-20 00:02:11.887000,4170.261,4169.599,2250,2250
2021-04-20 00:02:17.791000,4169.961,4169.54,2250,890
2021-04-20 00:02:17.842000,4169.952,4169.254,2250,2250
2021-04-20 00:02:19.159000,4170.152,4169.243,3610,4190
2021-04-20 00:02:19.211000,4170.158,4169.448,2250,2250
2021-04-20 00:02:19.481000,4170.252,4169.431,3610,4190
2021-04-20 00:02:19.531000,4170.246,4169.536,2250,2250
2021-04-20 00:02:47.469000,4170.764,4169.597,3610,4190
2021-04-20 00:02:47.519000,4170.752,4170.045,2250,2250
2021-04-20 00:02:47.627000,4170.958,4170.046,3610,4190
2021-04-20 00:02:47.677000,4170.901,4170.248,2250,2250
2021-04-20 00:02:48.543000,4170.764,4170.243,2250,890
2021-04-20 00:02:48.594000,4170.701,4170.036,2250,2250
2021-04-20 00:02:50.405000,4170.949,4170.037,3610,4190
2021-04-20 00:02:50.456000,4170.958,4170.242,2250,2250
2021-04-20 00:03:04.648000,4170.764,4170.24,2250,890
2021-04-20 00:03:04.699000,4170.746,4170.039,2250,2250
2021-04-20 00:03:11.467000,4170.401,4170.052,2250,890
2021-04-20 00:03:11.518000,4170.458,4169.751,2250,2250
2021-04-20 00:03:12.588000,4170.255,4169.74,2250,890
2021-04-20 00:03:12.638000,4170.264,4169.548,2250,2250
2021-04-20 00:03:13.924000,4170.461,4169.54,3610,4190
2021-04-20 00:03:13.975000,4170.401,4169.733,2250,2250
2021-04-20 00:03:27.967000,4170.755,4169.746,3610,4190
2021-04-20 00:03:28.017000,4170.749,4170.042,2250,2250
2021-04-20 00:03:28.126000,4170.452,4170.034,2250,890
2021-04-20 00:03:28.176000,4170.449,4169.754,2250,2250
2021-04-20 00:03:30.579000,4170.755,4169.746,3610,4190
2021-04-20 00:03:30.629000,4170.752,4170.036,2250,2250
2021-04-20 00:03:31.995000,4170.446,4170.052,2250,890
2021-04-20 00:03:32.045000,4170.449,4169.745,2250,2250
2021-04-20 00:03:32.342000,4170.752,4169.743,3610,4190
2021-04-20 00:03:32.392000,4170.755,4170.033,2250,2250
2021-04-20 00:03:49.308000,4170.467,4170.037,2250,890
2021-04-20 00:03:49.359000,4170.467,4169.748,2250,2250
2021-04-20 00:03:58.708000,4170.646,4169.731,3610,4190
2021-04-20 00:03:58.758000,4170.646,4169.945,2250,2250
2021-04-20 00:03:58.876000,4170.752,4169.946,3610,4190
2021-04-20 00:03:58.926000,4170.761,4170.099,2250,2250
2021-04-20 00:03:59.794000,4170.446,4170.031,2250,890
2021-04-20 00:03:59.844000,4170.464,4169.739,2250,2250
2021-04-20 00:03:59.954000,4170.701,4170.048,2250,2250
2021-04-20 00:04:00.698000,4170.446,4170.037,2250,890
2021-04-20 00:04:00.749000,4170.467,4169.742,2250,2250
2021-04-20 00:04:01.498000,4170.752,4169.752,3610,4190
2021-04-20 00:04:01.548000,4170.752,4170.036,2250,2250
2021-04-20 00:04:02.298000,4170.401,4170.04,2250,890
2021-04-20 00:04:02.348000,4170.401,4169.745,2250,2250
2021-04-20 00:04:21.447000,4170.258,4169.542,2250,2250
2021-04-20 00:04:25.838000,4170.149,4169.549,2250,890
2021-04-20 00:04:25.889000,4170.146,4169.442,2250,2250
2021-04-20 00:04:26.000000,4169.949,4169.446,2250,890
2021-04-20 00:04:26.050000,4169.901,4169.233,2250,2250
2021-04-20 00:04:31.547000,4170.258,4169.237,3610,4190
2021-04-20 00:04:31.597000,4170.252,4169.533,2250,2250
2021-04-20 00:04:58.100000,4170.349,4169.552,3610,4190
2021-04-20 00:04:58.150000,4170.301,4169.642,2250,2250
2021-04-20 00:04:58.260000,4170.458,4169.634,3610,4190
2021-04-20 00:04:58.311000,4170.467,4169.739,2250,2250
2021-04-20 00:05:06.185000,4170.652,4169.746,3610,4190
2021-04-20 00:05:06.236000,4170.649,4169.948,2250,2250
2021-04-20 00:05:06.344000,4170.755,4169.949,3610,4190
2021-04-20 00:05:06.394000,4170.758,4170.039,2250,2250
2021-04-20 00:05:07.875000,4170.464,4170.052,2250,890
2021-04-20 00:05:07.925000,4170.461,4169.736,2250,2250
2021-04-20 00:05:25.665000,4170.255,4169.731,2250,890
2021-04-20 00:05:25.715000,4170.261,4169.599,2250,2250
2021-04-20 00:05:27.689000,4170.458,4169.531,3610,4190
2021-04-20 00:05:27.740000,4170.401,4169.739,2250,2250
2021-04-20 00:05:28.408000,4170.246,4169.74,2250,890
2021-04-20 00:05:28.459000,4170.246,4169.554,2250,2250
2021-04-20 00:05:44.464000,4170.455,4169.552,3610,4190
2021-04-20 00:05:44.514000,4170.458,4169.733,2250,2250
2021-04-20 00:05:54.780000,4170.767,4169.752,3610,4190
2021-04-20 00:05:54.831000,4170.752,4170.045,2250,2250
2021-04-20 00:06:01.010000,4170.458,4170.037,2250,890
2021-04-20 00:06:01.061000,4170.455,4169.748,2250,2250
2021-04-20 00:06:06.530000,4170.664,4169.797,3610,4190
2021-04-20 00:06:06.580000,4170.664,4169.945,2250,2250
2021-04-20 00:06:06.730000,4170.458,4169.949,2250,890
2021-04-20 00:06:06.780000,4170.446,4169.742,2250,2250
2021-04-20 00:06:10.678000,4170.761,4169.749,3610,4190
2021-04-20 00:06:10.729000,4170.752,4170.045,2250,2250
2021-04-20 00:06:11.349000,4170.461,4170.043,2250,890
2021-04-20 00:06:11.399000,4170.401,4169.733,2250,2250
2021-04-20 00:06:12.151000,4170.746,4169.734,3610,4190
2021-04-20 00:06:12.201000,4170.746,4170.054,2250,2250
2021-04-20 00:06:24.187000,4170.449,4170.046,2250,890
2021-04-20 00:06:24.238000,4170.401,4169.739,2250,2250
2021-04-20 00:06:43.835000,4170.664,4169.797,3610,4190
2021-04-20 00:06:43.885000,4170.652,4169.951,2250,2250
2021-04-20 00:06:43.988000,4170.701,4169.931,3610,4190
2021-04-20 00:06:44.039000,4170.746,4170.033,2250,2250
2021-04-20 00:06:57.411000,4170.964,4170.037,3610,4190
2021-04-20 00:06:57.461000,4170.964,4170.233,2250,2250
2021-04-20 00:07:07.976000,4171.249,4170.249,3610,4190
2021-04-20 00:07:08.026000,4171.267,4170.542,2250,2250
2021-04-20 00:07:13.303000,4170.946,4170.531,2250,890
2021-04-20 00:07:13.353000,4170.949,4170.245,2250,2250
2021-04-20 00:07:14.359000,4170.755,4170.231,2250,890
2021-04-20 00:07:14.410000,4170.752,4170.099,2250,2250
2021-04-20 00:07:18.377000,4170.461,4170.097,2250,890
2021-04-20 00:07:18.427000,4170.449,4169.736,2250,2250
2021-04-20 00:07:20.423000,4170.764,4169.737,3610,4190
2021-04-20 00:07:20.473000,4170.764,4170.054,2250,2250
2021-04-20 00:07:21.742000,4170.401,4170.04,2250,890
2021-04-20 00:07:21.792000,4170.401,4169.748,2250,2250
2021-04-20 00:07:22.063000,4170.667,4169.797,3610,4190
2021-04-20 00:07:22.113000,4170.661,4169.939,2250,2250
2021-04-20 00:07:22.546000,4170.701,4169.931,3610,4190
2021-04-20 00:07:22.597000,4170.767,4170.036,2250,2250
2021-04-20 00:07:38.382000,4170.649,4170.04,2250,890
2021-04-20 00:07:38.432000,4170.646,4169.999,2250,2250
2021-04-20 00:07:38.968000,4170.467,4169.946,2250,890
2021-04-20 00:07:39.018000,4170.467,4169.754,2250,2250
2021-04-20 00:07:39.130000,4170.752,4169.737,3610,4190
2021-04-20 00:07:39.180000,4170.755,4170.039,2250,2250
2021-04-20 00:07:41.996000,4170.655,4170.097,2250,890
2021-04-20 00:07:42.046000,4170.661,4169.939,2250,2250
2021-04-20 00:07:42.810000,4170.752,4169.949,3610,4190
2021-04-20 00:07:42.861000,4170.749,4170.039,2250,2250
2021-04-20 00:08:03.022000,4170.455,4170.037,2250,890
2021-04-20 00:08:03.072000,4170.449,4169.745,2250,2250
2021-04-20 00:08:03.555000,4170.761,4169.74,3610,4190
2021-04-20 00:08:03.606000,4170.767,4170.051,2250,2250
2021-04-20 00:08:06.307000,4170.767,4170.24,2250,890
2021-04-20 00:08:06.358000,4170.901,4170.242,2250,2250
2021-04-20 00:08:06.940000,4170.867,4170.234,2250,890
2021-04-20 00:08:06.990000,4170.801,4170.133,2250,2250
2021-04-20 00:08:07.100000,4170.701,4170.152,2250,890
2021-04-20 00:08:07.151000,4170.758,4170.051,2250,2250
2021-04-20 00:08:19.306000,4170.858,4170.052,3610,4190
2021-04-20 00:08:19.356000,4170.855,4170.154,2250,2250
2021-04-20 00:08:19.691000,4170.952,4170.137,3610,4190
2021-04-20 00:08:19.742000,4170.964,4170.242,2250,2250
2021-04-20 00:08:28.611000,4171.158,4170.231,3610,4190
2021-04-20 00:08:28.662000,4171.161,4170.454,2250,2250
2021-04-20 00:08:28.770000,4170.955,4170.443,2250,890
2021-04-20 00:08:28.821000,4170.955,4170.251,2250,2250
2021-04-20 00:08:46.344000,4170.864,4170.243,2250,890
2021-04-20 00:08:46.395000,4170.852,4170.142,2250,2250
2021-04-20 00:08:46.832000,4170.758,4170.134,2250,890
2021-04-20 00:08:46.883000,4170.758,4170.048,2250,2250
2021-04-20 00:08:50.771000,4170.901,4170.049,3610,4190
2021-04-20 00:08:50.822000,4170.967,4170.248,2250,2250
2021-04-20 00:08:52.085000,4170.852,4170.246,2250,890
2021-04-20 00:08:52.136000,4170.846,4170.136,2250,2250
2021-04-20 00:08:52.246000,4170.752,4170.197,2250,890
2021-04-20 00:08:52.296000,4170.749,4170.048,2250,2250
2021-04-20 00:08:56.150000,4170.861,4170.097,3610,4190
2021-04-20 00:08:56.201000,4170.852,4170.139,2250,2250
2021-04-20 00:08:56.753000,4170.701,4170.134,2250,890
2021-04-20 00:08:56.803000,4170.758,4170.045,2250,2250
2021-04-20 00:09:13.524000,4170.861,4170.049,3610,4190
2021-04-20 00:09:13.575000,4170.801,4170.154,2250,2250
2021-04-20 00:09:13.686000,4170.946,4170.14,3610,4190
2021-04-20 00:09:13.736000,4170.955,4170.251,2250,2250
2021-04-20 00:09:20.944000,4171.255,4170.243,3610,4190
2021-04-20 00:09:20.994000,4171.258,4170.554,2250,2250
2021-04-20 00:09:27.536000,4171.155,4170.597,2250,890
2021-04-20 00:09:27.586000,4171.155,4170.439,2250,2250
2021-04-20 00:09:28.929000,4170.946,4170.437,2250,890
2021-04-20 00:09:28.980000,4170.952,4170.242,2250,2250
2021-04-20 00:09:41.795000,4170.761,4170.243,2250,890
2021-04-20 00:09:41.846000,4170.701,4170.045,2250,2250
2021-04-20 00:09:45.949000,4170.855,4170.034,3610,4190
2021-04-20 00:09:45.999000,4170.861,4170.199,2250,2250
2021-04-20 00:09:46.112000,4170.764,4170.143,2250,890
2021-04-20 00:09:46.163000,4170.755,4170.054,2250,2250
2021-04-20 00:09:54.003000,4170.901,4170.097,3610,4190
2021-04-20 00:09:54.054000,4170.952,4170.242,2250,2250
2021-04-20 00:09:56.042000,4170.764,4170.237,2250,890
2021-04-20 00:09:56.092000,4170.746,4170.033,2250,2250
2021-04-20 00:09:57.078000,4170.855,4170.031,3610,4190
2021-04-20 00:09:57.128000,4170.858,4170.199,2250,2250
2021-04-20 00:09:57.870000,4170.901,4170.152,3610,4190
2021-04-20 00:09:57.920000,4170.967,4170.251,2250,2250
2021-04-20 00:09:58.030000,4170.852,4170.234,2250,890
2021-04-20 00:09:58.080000,4170.855,4170.154,2250,2250
2021-04-20 00:09:58.366000,4170.749,4170.131,2250,890
2021-04-20 00:09:58.417000,4170.758,4170.048,2250,2250
2021-04-20 00:09:59.433000,4170.967,4170.052,3610,4190
2021-04-20 00:09:59.483000,4170.901,4170.242,2250,2250
2021-04-20 00:09:59.593000,4170.861,4170.237,2250,890
2021-04-20 00:09:59.643000,4170.846,4170.139,2250,2250
2021-04-20 00:10:00.158000,4170.961,4170.131,3610,4190
2021-04-20 00:10:00.208000,4170.961,4170.245,2250,2250
2021-04-20 00:10:40.847000,4171.261,4170.246,3610,4190
2021-04-20 00:10:40.897000,4171.267,4170.554,2250,2250
2021-04-20 00:10:44.355000,4170.967,4170.543,2250,890
2021-04-20 00:10:44.406000,4170.955,4170.254,2250,2250
2021-04-20 00:10:51.294000,4170.767,4170.297,2250,890
2021-04-20 00:10:51.344000,4170.746,4170.099,2250,2250
2021-04-20 00:10:51.616000,4170.467,4170.031,2250,890
2021-04-20 00:10:51.667000,4170.464,4169.745,2250,2250
2021-04-20 00:11:20.450000,4170.201,4169.752,2250,890
2021-04-20 00:11:20.501000,4170.267,4169.533,2250,2250
2021-04-20 00:11:30.115000,4169.967,4169.537,2250,890
2021-04-20 00:11:30.165000,4169.949,4169.239,2250,2250
2021-04-20 00:11:41.149000,4170.255,4169.237,3610,4190
2021-04-20 00:11:41.200000,4170.246,4169.599,2250,2250
2021-04-20 00:11:41.791000,4169.955,4169.549,2250,890
2021-04-20 00:11:41.841000,4169.949,4169.299,2250,2250
2021-04-20 00:11:41.952000,4170.164,4169.243,3610,4190
2021-04-20 00:11:42.002000,4170.158,4169.445,2250,2250
2021-04-20 00:11:42.111000,4170.267,4169.434,3610,4190
2021-04-20 00:11:42.161000,4170.264,4169.536,2250,2250
2021-04-20 00:11:42.272000,4170.158,4169.537,2250,890
2021-04-20 00:11:42.322000,4170.152,4169.499,2250,2250
2021-04-20 00:11:42.602000,4169.967,4169.434,2250,890
2021-04-20 00:11:42.653000,4169.952,4169.248,2250,2250
2021-04-20 00:11:45.294000,4170.161,4169.246,3610,4190
2021-04-20 00:11:45.344000,4170.161,4169.439,2250,2250
2021-04-20 00:11:45.449000,4170.267,4169.449,3610,4190
2021-04-20 00:11:45.500000,4170.261,4169.533,2250,2250
2021-04-20 00:11:45.611000,4170.149,4169.549,2250,890
2021-04-20 00:11:45.662000,4170.149,4169.499,2250,2250
2021-04-20 00:11:45.771000,4170.246,4169.437,3610,4190
2021-04-20 00:11:45.821000,4170.246,4169.536,2250,2250
2021-04-20 00:11:50.835000,4169.961,4169.552,2250,890
2021-04-20 00:11:50.886000,4169.961,4169.254,2250,2250
2021-04-20 00:12:05.277000,4169.901,4169.597,2250,890
2021-04-20 00:12:05.327000,4170.201,4169.554,2250,2250
2021-04-20 00:12:05.433000,4169.952,4169.597,2250,890
2021-04-20 00:12:05.483000,4169.946,4169.236,2250,2250
2021-04-20 00:12:05.593000,4170.264,4169.237,3610,4190
2021-04-20 00:12:05.644000,4170.249,4169.599,2250,2250
2021-04-20 00:12:08.346000,4170.446,4169.531,3610,4190
2021-04-20 00:12:08.397000,4170.467,4169.742,2250,2250
2021-04-20 00:12:15.315000,4170.749,4169.752,3610,4190
2021-04-20 00:12:15.366000,4170.761,4170.051,2250,2250
2021-04-20 00:12:20.795000,4170.855,4170.034,3610,4190
2021-04-20 00:12:20.845000,4170.864,4170.145,2250,2250
2021-04-20 00:12:21.146000,4170.949,4170.14,3610,4190
2021-04-20 00:12:21.196000,4170.952,4170.254,2250,2250
2021-04-20 00:12:23.791000,4171.258,4170.243,3610,4190
2021-04-20 00:12:23.841000,4171.201,4170.599,2250,2250
2021-04-20 00:12:33.066000,4170.958,4170.597,2250,890
2021-04-20 00:12:33.116000,4170.949,4170.242,2250,2250
2021-04-20 00:12:49.563000,4170.746,4170.237,2250,890
2021-04-20 00:12:49.614000,4170.749,4170.045,2250,2250
2021-04-20 00:12:49.725000,4170.901,4170.052,3610,4190
2021-04-20 00:12:49.775000,4170.949,4170.236,2250,2250
2021-04-20 00:12:50.046000,4170.858,4170.231,2250,890
2021-04-20 00:12:50.096000,4170.864,4170.133,2250,2250
2021-04-20 00:12:50.466000,4170.949,4170.134,3610,4190
2021-04-20 00:12:50.516000,4170.952,4170.251,2250,2250
2021-04-20 00:13:01.786000,4170.758,4170.297,2250,890
2021-04-20 00:13:01.836000,4170.749,4170.051,2250,2250
2021-04-20 00:13:08.095000,4170.946,4170.031,3610,4190
2021-04-20 00:13:08.145000,4170.955,4170.242,2250,2250
2021-04-20 00:13:09.354000,4171.267,4170.252,3610,4190
2021-04-20 00:13:09.404000,4171.255,4170.599,2250,2250
2021-04-20 00:13:18.272000,4170.946,4170.537,2250,890
2021-04-20 00:13:18.322000,4170.964,4170.245,2250,2250
2021-04-20 00:13:31.863000,4171.201,4170.231,3610,4190
2021-04-20 00:13:31.913000,4171.267,4170.533,2250,2250
2021-04-20 00:13:54.186000,4170.964,4170.549,2250,890
2021-04-20 00:13:54.236000,4170.958,4170.245,2250,2250
2021-04-20 00:13:59.895000,4171.264,4170.246,3610,4190
2021-04-20 00:13:59.945000,4171.267,4170.551,2250,2250
2021-04-20 00:14:00.215000,4170.946,4170.531,2250,890
2021-04-20 00:14:00.265000,4170.946,4170.299,2250,2250
2021-04-20 00:14:01.034000,4171.267,4170.246,3610,4190
2021-04-20 00:14:01.084000,4171.201,4170.599,2250,2250
2021-04-20 00:14:04.961000,4171.446,4170.549,3610,4190
2021-04-20 00:14:05.011000,4171.461,4170.754,2250,2250
2021-04-20 00:14:10.707000,4171.258,4170.746,2250,890
2021-04-20 00:14:10.757000,4171.246,4170.551,2250,2250
2021-04-20 00:14:43.825000,4170.964,4170.531,2250,890
2021-04-20 00:14:43.875000,4170.964,4170.251,2250,2250
2021-04-20 00:14:52.387000,4170.761,4170.243,2250,890
2021-04-20 00:14:52.437000,4170.752,4170.099,2250,2250
2021-04-20 00:15:08.910000,4170.861,4170.151,2250,2250
2021-04-20 00:15:09.068000,4170.946,4170.152,3610,4190
2021-04-20 00:15:09.119000,4170.958,4170.242,2250,2250
2021-04-20 00:15:22.845000,4170.758,4170.252,2250,890
2021-04-20 00:15:22.896000,4170.749,4170.051,2250,2250
2021-04-20 00:15:28.715000,4170.949,4170.049,3610,4190
2021-04-20 00:15:28.766000,4170.958,4170.254,2250,2250
2021-04-20 00:15:31.514000,4170.752,4170.249,2250,890
2021-04-20 00:15:31.565000,4170.752,4170.051,2250,2250
2021-04-20 00:15:32.003000,4170.464,4170.037,2250,890
2021-04-20 00:15:32.054000,4170.464,4169.733,2250,2250
2021-04-20 00:15:32.794000,4170.701,4169.74,3610,4190
2021-04-20 00:15:32.845000,4170.764,4170.048,2250,2250
2021-04-20 00:15:33.159000,4170.401,4170.052,2250,890
2021-04-20 00:15:33.210000,4170.452,4169.733,2250,2250
2021-04-20 00:15:39.770000,4170.761,4169.752,3610,4190
2021-04-20 00:15:39.820000,4170.758,4170.099,2250,2250
2021-04-20 00:15:40.921000,4170.449,4170.049,2250,890
2021-04-20 00:15:40.971000,4170.455,4169.799,2250,2250
2021-04-20 00:16:02.888000,4170.201,4169.74,2250,890
2021-04-20 00:16:02.939000,4170.246,4169.533,2250,2250
2021-04-20 00:16:11.231000,4170.467,4169.537,3610,4190
2021-04-20 00:16:11.282000,4170.455,4169.739,2250,2250
2021-04-20 00:16:12.949000,4170.255,4169.749,2250,890
2021-04-20 00:16:12.999000,4170.261,4169.548,2250,2250
2021-04-20 00:16:14.522000,4169.949,4169.597,2250,890
2021-04-20 00:16:14.572000,4169.958,4169.248,2250,2250
2021-04-20 00:16:14.682000,4170.201,4169.237,3610,4190
2021-04-20 00:16:14.732000,4170.201,4169.533,2250,2250
2021-04-20 00:16:22.186000,4170.167,4169.54,2250,890
2021-04-20 00:16:22.237000,4170.146,4169.448,2250,2250
2021-04-20 00:16:22.395000,4169.967,4169.431,2250,890
2021-04-20 00:16:22.445000,4169.949,4169.233,2250,2250
2021-04-20 00:16:24.753000,4169.752,4169.231,2250,890
2021-04-20 00:16:24.803000,4169.755,4169.042,2250,2250
2021-04-20 00:16:27.989000,4169.667,4169.052,2250,890
2021-04-20 00:16:28.039000,4169.601,4168.945,2250,2250
2021-04-20 00:16:28.150000,4169.446,4168.997,2250,890
2021-04-20 00:16:28.200000,4169.446,4168.748,2250,2250
2021-04-20 00:16:30.416000,4169.764,4168.731,3610,4190
2021-04-20 00:16:30.466000,4169.767,4169.045,2250,2250
2021-04-20 00:16:31.748000,4169.955,4169.299,2250,2250
2021-04-20 00:16:31.904000,4169.752,4169.231,2250,890
2021-04-20 00:16:31.955000,4169.746,4169.036,2250,2250
2021-04-20 00:16:33.842000,4169.958,4169.031,3610,4190
2021-04-20 00:16:33.892000,4169.955,4169.233,2250,2250
2021-04-20 00:16:34.646000,4169.701,4169.231,2250,890
2021-04-20 00:16:34.697000,4169.749,4169.036,2250,2250
2021-04-20 00:16:34.963000,4169.946,4169.052,3610,4190
2021-04-20 00:16:35.014000,4169.964,4169.236,2250,2250
2021-04-20 00:16:48.482000,4169.764,4169.249,2250,890
2021-04-20 00:16:48.532000,4169.764,4169.033,2250,2250
2021-04-20 00:16:51.366000,4169.952,4169.097,3610,4190
2021-04-20 00:16:51.416000,4169.949,4169.254,2250,2250
2021-04-20 00:17:15.876000,4169.761,4169.297,2250,890
2021-04-20 00:17:15.926000,4169.701,4169.048,2250,2250
2021-04-20 00:17:16.036000,4169.867,4169.046,3610,4190
2021-04-20 00:17:16.086000,4169.849,4169.139,2250,2250
2021-04-20 00:17:16.198000,4169.755,4169.146,2250,890
2021-04-20 00:17:16.248000,4169.749,4169.033,2250,2250
2021-04-20 00:17:16.838000,4169.949,4169.052,3610,4190
2021-04-20 00:17:16.888000,4169.946,4169.239,2250,2250
2021-04-20 00:17:18.725000,4169.749,4169.297,2250,890
2021-04-20 00:17:18.775000,4169.755,4169.051,2250,2250
2021-04-20 00:17:20.276000,4169.849,4169.04,3610,4190
2021-04-20 00:17:20.326000,4169.801,4169.142,2250,2250
2021-04-20 00:17:20.436000,4169.749,4169.131,2250,890
2021-04-20 00:17:20.486000,4169.749,4169.036,2250,2250
2021-04-20 00:17:20.763000,4169.955,4169.052,3610,4190
2021-04-20 00:17:20.814000,4169.949,4169.299,2250,2250
2021-04-20 00:17:35.116000,4169.867,4169.297,2250,890
2021-04-20 00:17:35.166000,4169.855,4169.136,2250,2250
2021-04-20 00:17:35.583000,4169.801,4169.031,3610,4190
2021-04-20 00:17:35.633000,4169.758,4169.051,2250,2250
2021-04-20 00:17:35.745000,4169.801,4169.052,3610,4190
2021-04-20 00:17:35.795000,4169.867,4169.139,2250,2250
2021-04-20 00:17:36.772000,4169.967,4169.152,3610,4190
2021-04-20 00:17:36.822000,4169.955,4169.239,2250,2250
2021-04-20 00:17:59.078000,4170.258,4169.231,3610,4190
2021-04-20 00:17:59.128000,4170.246,4169.536,2250,2250
2021-04-20 00:17:59.397000,4170.467,4169.543,3610,4190
2021-04-20 00:17:59.447000,4170.458,4169.754,2250,2250
2021-04-20 00:18:08.356000,4170.346,4169.749,2250,890
2021-04-20 00:18:08.407000,4170.361,4169.633,2250,2250
2021-04-20 00:18:08.545000,4170.458,4169.649,3610,4190
2021-04-20 00:18:08.596000,4170.461,4169.739,2250,2250
2021-04-20 00:18:08.865000,4170.246,4169.752,2250,890
2021-04-20 00:18:08.916000,4170.252,4169.542,2250,2250
2021-04-20 00:18:09.185000,4170.449,4169.537,3610,4190
2021-04-20 00:18:09.338000,4170.467,4169.742,2250,2250
2021-04-20 00:18:10.133000,4170.264,4169.752,2250,890
2021-04-20 00:18:10.184000,4170.249,4169.536,2250,2250
2021-04-20 00:18:13.160000,4169.946,4169.549,2250,890
2021-04-20 00:18:13.210000,4169.949,4169.248,2250,2250
2021-04-20 00:18:22.187000,4169.764,4169.249,2250,890
2021-04-20 00:18:22.237000,4169.755,4169.051,2250,2250
2021-04-20 00:18:26.142000,4169.946,4169.049,3610,4190
2021-04-20 00:18:26.192000,4169.955,4169.233,2250,2250
2021-04-20 00:18:30.506000,4169.852,4169.237,2250,890
2021-04-20 00:18:30.556000,4169.852,4169.199,2250,2250
2021-04-20 00:18:30.665000,4169.946,4169.14,3610,4190
2021-04-20 00:18:30.716000,4169.961,4169.245,2250,2250
2021-04-20 00:18:30.987000,4169.849,4169.246,2250,890
2021-04-20 00:18:31.038000,4169.867,4169.133,2250,2250
2021-04-20 00:18:31.150000,4169.961,4169.14,3610,4190
2021-04-20 00:18:31.201000,4169.952,4169.245,2250,2250
2021-04-20 00:18:42.621000,4170.252,4169.249,3610,4190
2021-04-20 00:18:42.671000,4170.267,4169.548,2250,2250
2021-04-20 00:18:48.174000,4169.958,4169.534,2250,890
2021-04-20 00:18:48.224000,4169.967,4169.251,2250,2250
2021-04-20 00:18:54.288000,4169.746,4169.252,2250,890
2021-04-20 00:18:54.339000,4169.755,4169.039,2250,2250
2021-04-20 00:18:54.770000,4169.952,4169.049,3610,4190
2021-04-20 00:18:54.821000,4169.964,4169.245,2250,2250
2021-04-20 00:18:55.225000,4169.752,4169.234,2250,890
2021-04-20 00:18:55.275000,4169.701,4169.048,2250,2250
2021-04-20 00:18:57.756000,4169.867,4169.046,3610,4190
2021-04-20 00:18:57.806000,4169.855,4169.133,2250,2250
2021-04-20 00:18:57.918000,4169.767,4169.131,2250,890
2021-04-20 00:18:57.968000,4169.749,4169.054,2250,2250
2021-04-20 00:18:58.397000,4169.852,4169.043,3610,4190
2021-04-20 00:18:58.447000,4169.849,4169.136,2250,2250
2021-04-20 00:18:58.556000,4169.764,4169.152,2250,890
2021-04-20 00:18:58.607000,4169.758,4169.045,2250,2250
2021-04-20 00:19:00.222000,4169.746,4169.14,2250,890
2021-04-20 00:19:00.272000,4169.864,4169.133,2250,2250
2021-04-20 00:19:00.322000,4169.767,4169.045,2250,2250
2021-04-20 00:19:25.081000,4169.601,4169.031,2250,890
2021-04-20 00:19:25.132000,4169.649,4168.948,2250,2250
2021-04-20 00:19:25.501000,4169.701,4168.94,3610,4190
2021-04-20 00:19:25.551000,4169.749,4169.051,2250,2250
2021-04-20 00:19:31.065000,4169.455,4169.046,2250,890
2021-04-20 00:19:31.116000,4169.458,4168.748,2250,2250
2021-04-20 00:19:31.225000,4169.758,4168.737,3610,4190
2021-04-20 00:19:31.276000,4169.701,4169.036,2250,2250
2021-04-20 00:19:31.865000,4169.449,4169.052,2250,890
2021-04-20 00:19:31.915000,4169.446,4168.799,2250,2250
2021-04-20 00:19:32.540000,4169.661,4168.746,3610,4190
2021-04-20 00:19:32.590000,4169.646,4168.939,2250,2250
2021-04-20 00:19:32.880000,4169.446,4168.949,2250,890
2021-04-20 00:19:32.930000,4169.401,4168.754,2250,2250
2021-04-20 00:19:33.389000,4169.752,4168.752,3610,4190
2021-04-20 00:19:33.439000,4169.755,4169.039,2250,2250
2021-04-20 00:19:35.194000,4169.658,4169.04,2250,890
2021-04-20 00:19:35.244000,4169.655,4168.939,2250,2250
2021-04-20 00:19:35.355000,4169.458,4168.94,2250,890
2021-04-20 00:19:35.405000,4169.446,4168.733,2250,2250
2021-04-20 00:19:36.749000,4169.652,4168.731,3610,4190
2021-04-20 00:19:36.799000,4169.655,4168.999,2250,2250
2021-04-20 00:19:36.997000,4169.758,4168.934,3610,4190
2021-04-20 00:19:37.048000,4169.749,4169.039,2250,2250
2021-04-20 00:19:37.154000,4169.652,4169.034,2250,890
2021-04-20 00:19:37.205000,4169.667,4168.942,2250,2250
2021-04-20 00:19:37.474000,4169.758,4168.94,3610,4190
2021-04-20 00:19:37.524000,4169.749,4169.042,2250,2250
2021-04-20 00:19:56.088000,4169.967,4169.031,3610,4190
2021-04-20 00:19:56.138000,4169.958,4169.236,2250,2250
2021-04-20 00:20:02.415000,4169.761,4169.231,2250,890
2021-04-20 00:20:02.465000,4169.701,4169.048,2250,2250
2021-04-20 00:20:17.056000,4169.658,4169.043,2250,890
2021-04-20 00:20:17.106000,4169.661,4168.948,2250,2250
2021-04-20 00:20:17.216000,4169.467,4168.997,2250,890
2021-04-20 00:20:17.266000,4169.464,4168.742,2250,2250
2021-04-20 00:20:17.898000,4169.746,4168.752,3610,4190
2021-04-20 00:20:17.948000,4169.746,4169.033,2250,2250
2021-04-20 00:20:21.501000,4169.467,4169.037,2250,890
2021-04-20 00:20:21.552000,4169.446,4168.736,2250,2250
2021-04-20 00:20:26.231000,4169.749,4168.746,3610,4190
2021-04-20 00:20:26.281000,4169.746,4169.054,2250,2250
2021-04-20 00:20:28.602000,4169.452,4169.04,2250,890
2021-04-20 00:20:28.652000,4169.446,4168.733,2250,2250
2021-04-20 00:20:35.775000,4169.755,4168.746,3610,4190
2021-04-20 00:20:35.825000,4169.701,4169.039,2250,2250
2021-04-20 00:20:37.019000,4169.464,4169.043,2250,890
2021-04-20 00:20:37.069000,4169.455,4168.733,2250,2250
2021-04-20 00:20:44.519000,4169.764,4168.752,3610,4190
2021-04-20 00:20:44.570000,4169.746,4169.036,2250,2250
2021-04-20 00:20:47.308000,4169.964,4169.043,3610,4190
2021-04-20 00:20:47.359000,4169.946,4169.254,2250,2250
2021-04-20 00:20:47.450000,4169.449,4169.249,2250,890
2021-04-20 00:20:47.500000,4169.461,4168.733,2250,2250
2021-04-20 00:20:57.440000,4169.652,4168.737,3610,4190
2021-04-20 00:20:57.490000,4169.667,4168.948,2250,2250
2021-04-20 00:20:57.600000,4169.761,4168.949,3610,4190
2021-04-20 00:20:57.650000,4169.758,4169.054,2250,2250
2021-04-20 00:20:58.831000,4169.446,4169.046,2250,890
2021-04-20 00:20:58.881000,4169.464,4168.733,2250,2250
2021-04-20 00:20:59.151000,4169.746,4168.752,3610,4190
2021-04-20 00:20:59.202000,4169.761,4169.039,2250,2250
2021-04-20 00:20:59.850000,4169.461,4169.031,2250,890
2021-04-20 00:20:59.900000,4169.464,4168.742,2250,2250
2021-04-20 00:21:00.003000,4169.664,4168.999,2250,2250
2021-04-20 00:21:00.264000,4169.746,4168.946,3610,4190
2021-04-20 00:21:00.315000,4169.761,4169.051,2250,2250
2021-04-20 00:21:01.547000,4169.401,4169.034,2250,890
2021-04-20 00:21:01.687000,4169.449,4168.742,2250,2250
2021-04-20 00:21:03.229000,4169.749,4168.746,3610,4190
2021-04-20 00:21:03.280000,4169.755,4169.039,2250,2250
2021-04-20 00:21:12.624000,4169.452,4169.052,2250,890
2021-04-20 00:21:12.675000,4169.446,4168.754,2250,2250
2021-04-20 00:21:12.784000,4169.701,4168.737,3610,4190
2021-04-20 00:21:12.835000,4169.755,4169.036,2250,2250
2021-04-20 00:21:31.662000,4169.449,4169.097,2250,890
2021-04-20 00:21:31.712000,4169.455,4168.733,2250,2250
2021-04-20 00:21:33.062000,4169.746,4168.74,3610,4190
2021-04-20 00:21:33.113000,4169.701,4169.039,2250,2250
2021-04-20 00:21:34.132000,4169.464,4169.052,2250,890
2021-04-20 00:21:34.183000,4169.449,4168.748,2250,2250
2021-04-20 00:21:50.727000,4169.458,4169.04,2250,890
2021-04-20 00:21:50.778000,4169.764,4169.054,2250,2250
2021-04-20 00:22:07.532000,4169.467,4169.034,2250,890
2021-04-20 00:22:07.583000,4169.455,4168.742,2250,2250
2021-04-20 00:22:17.630000,4169.201,4168.74,2250,890
2021-04-20 00:22:17.681000,4169.258,4168.545,2250,2250
2021-04-20 00:22:44.852000,4169.446,4168.546,3610,4190
2021-04-20 00:22:44.903000,4169.461,4168.748,2250,2250
2021-04-20 00:23:09.743000,4169.258,4168.797,2250,890
2021-04-20 00:23:09.793000,4169.261,4168.539,2250,2250
2021-04-20 00:23:38.203000,4168.955,4168.543,2250,890
2021-04-20 00:23:38.253000,4168.946,4168.236,2250,2250
2021-04-20 00:23:39.425000,4168.752,4168.24,2250,890
2021-04-20 00:23:39.475000,4168.701,4168.099,2250,2250
2021-04-20 00:23:39.584000,4168.855,4168.04,3610,4190
2021-04-20 00:23:39.634000,4168.846,4168.145,2250,2250
2021-04-20 00:23:39.745000,4168.946,4168.134,3610,4190
2021-04-20 00:23:39.796000,4168.958,4168.239,2250,2250
2021-04-20 00:23:39.905000,4168.749,4168.234,2250,890
2021-04-20 00:23:39.956000,4168.767,4168.045,2250,2250
2021-04-20 00:24:02.709000,4168.946,4168.049,3610,4190
2021-04-20 00:24:02.760000,4168.967,4168.233,2250,2250
2021-04-20 00:24:08.330000,4169.246,4168.237,3610,4190
2021-04-20 00:24:08.380000,4169.261,4168.542,2250,2250
2021-04-20 00:24:37.435000,4169.461,4168.552,3610,4190
2021-04-20 00:24:37.485000,4169.452,4168.733,2250,2250
2021-04-20 00:24:44.053000,4169.752,4168.746,3610,4190
2021-04-20 00:24:44.104000,4169.767,4169.042,2250,2250
2021-04-20 00:24:48.443000,4169.867,4169.043,3610,4190
2021-04-20 00:24:48.493000,4169.852,4169.139,2250,2250
2021-04-20 00:24:48.990000,4169.961,4169.134,3610,4190
2021-04-20 00:24:49.040000,4169.952,4169.239,2250,2250
2021-04-20 00:24:52.202000,4169.749,4169.246,2250,890
2021-04-20 00:24:52.253000,4169.761,4169.045,2250,2250
2021-04-20 00:25:00.058000,4169.964,4169.052,3610,4190
2021-04-20 00:25:00.108000,4169.967,4169.254,2250,2250
2021-04-20 00:25:01.192000,4169.767,4169.246,2250,890
2021-04-20 00:25:01.242000,4169.767,4169.054,2250,2250
2021-04-20 00:25:56.378000,4169.801,4169.031,3610,4190
2021-04-20 00:25:56.429000,4169.846,4169.145,2250,2250
2021-04-20 00:25:56.539000,4169.701,4169.152,2250,890
2021-04-20 00:25:56.589000,4169.761,4169.045,2250,2250
2021-04-20 00:26:00.306000,4169.961,4169.236,2250,2250
2021-04-20 00:26:36.042000,4169.755,4169.246,2250,890
2021-04-20 00:26:36.093000,4169.701,4169.033,2250,2250
2021-04-20 00:27:04.388000,4169.846,4169.04,3610,4190
2021-04-20 00:27:04.438000,4169.858,4169.139,2250,2250
2021-04-20 00:27:04.892000,4169.946,4169.143,3610,4190
2021-04-20 00:27:04.943000,4169.964,4169.251,2250,2250
2021-04-20 00:27:05.053000,4169.855,4169.249,2250,890
2021-04-20 00:27:05.103000,4169.801,4169.136,2250,2250
2021-04-20 00:27:05.795000,4169.758,4169.197,2250,890
2021-04-20 00:27:05.845000,4169.767,4169.099,2250,2250
2021-04-20 00:27:11.232000,4169.961,4169.043,3610,4190
2021-04-20 00:27:11.282000,4169.964,4169.254,2250,2250
2021-04-20 00:27:53.090000,4169.767,4169.234,2250,890
2021-04-20 00:27:53.141000,4169.701,4169.036,2250,2250
2021-04-20 00:28:33.060000,4169.452,4169.049,2250,890
2021-04-20 00:28:33.111000,4169.446,4168.742,2250,2250
2021-04-20 00:29:11.096000,4169.755,4168.749,3610,4190
2021-04-20 00:29:11.146000,4169.752,4169.051,2250,2250
2021-04-20 00:29:12.387000,4169.464,4169.049,2250,890
2021-04-20 00:29:12.438000,4169.452,4168.748,2250,2250
2021-04-20 00:29:22.638000,4169.746,4168.737,3610,4190
2021-04-20 00:29:22.689000,4169.752,4169.042,2250,2250
2021-04-20 00:29:24.661000,4169.446,4169.052,2250,890
2021-04-20 00:29:24.711000,4169.449,4168.745,2250,2250
2021-04-20 00:29:30.545000,4169.749,4168.752,3610,4190
2021-04-20 00:29:30.595000,4169.746,4169.045,2250,2250
2021-04-20 00:29:58.852000,4169.449,4169.046,2250,890
2021-04-20 00:29:58.902000,4169.446,4168.736,2250,2250
2021-04-20 00:29:59.465000,4169.646,4168.743,3610,4190
2021-04-20 00:29:59.516000,4169.658,4168.945,2250,2250
2021-04-20 00:29:59.626000,4169.764,4168.931,3610,4190
2021-04-20 00:29:59.676000,4169.767,4169.048,2250,2250
2021-04-20 00:30:00.552000,4169.752,4168.752,3610,4190
2021-04-20 00:30:00.602000,4169.446,4168.742,2250,2250
2021-04-20 00:30:01.854000,4169.761,4168.731,3610,4190
2021-04-20 00:30:01.905000,4169.752,4169.042,2250,2250
2021-04-20 00:30:04.431000,4169.455,4169.043,2250,890
2021-04-20 00:30:04.481000,4169.461,4168.733,2250,2250
2021-04-20 00:30:04.750000,4169.655,4168.74,3610,4190
2021-04-20 00:30:04.801000,4169.652,4168.951,2250,2250
2021-04-20 00:30:05.334000,4169.461,4168.946,2250,890
2021-04-20 00:30:05.384000,4169.446,4168.733,2250,2250
2021-04-20 00:30:25.539000,4169.701,4168.734,3610,4190
2021-04-20 00:30:25.589000,4169.758,4169.054,2250,2250
2021-04-20 00:30:34.302000,4169.458,4169.04,2250,890
2021-04-20 00:30:34.353000,4169.446,4168.748,2250,2250
2021-04-20 00:30:50.434000,4169.701,4168.743,3610,4190
2021-04-20 00:30:50.484000,4169.767,4169.033,2250,2250
2021-04-20 00:30:55.893000,4169.964,4169.049,3610,4190
2021-04-20 00:30:55.943000,4169.949,4169.254,2250,2250
2021-04-20 00:31:00.222000,4169.701,4169.231,2250,890
2021-04-20 00:31:00.272000,4169.755,4169.099,2250,2250
2021-04-20 00:31:25.133000,4169.867,4169.046,3610,4190
2021-04-20 00:31:25.184000,4169.849,4169.148,2250,2250
2021-04-20 00:31:26.638000,4169.761,4169.197,2250,890
2021-04-20 00:31:26.689000,4169.701,4169.033,2250,2250
2021-04-20 00:31:27.298000,4169.858,4169.097,3610,4190
2021-04-20 00:31:27.348000,4169.867,4169.199,2250,2250
2021-04-20 00:31:27.497000,4169.701,4169.146,2250,890
2021-04-20 00:31:27.547000,4169.746,4169.048,2250,2250
2021-04-20 00:31:27.999000,4169.864,4169.037,3610,4190
2021-04-20 00:31:28.050000,4169.867,4169.142,2250,2250
2021-04-20 00:31:29.202000,4169.764,4169.137,2250,890
2021-04-20 00:31:29.252000,4169.764,4169.099,2250,2250
2021-04-20 00:31:41.503000,4169.846,4169.034,3610,4190
2021-04-20 00:31:41.553000,4169.861,4169.154,2250,2250
2021-04-20 00:31:41.757000,4169.764,4169.146,2250,890
2021-04-20 00:31:41.807000,4169.764,4169.033,2250,2250
2021-04-20 00:31:43.319000,4169.946,4169.037,3610,4190
2021-04-20 00:31:43.369000,4169.964,4169.233,2250,2250
2021-04-20 00:31:55.072000,4170.264,4169.234,3610,4190
2021-04-20 00:31:55.122000,4170.249,4169.599,2250,2250
2021-04-20 00:31:55.238000,4169.955,4169.546,2250,890
2021-04-20 00:31:55.288000,4169.949,4169.239,2250,2250
2021-04-20 00:31:59.044000,4170.249,4169.246,3610,4190
2021-04-20 00:31:59.094000,4170.264,4169.545,2250,2250
2021-04-20 00:32:03.933000,4170.455,4169.54,3610,4190
2021-04-20 00:32:03.984000,4170.452,4169.739,2250,2250
2021-04-20 00:32:04.095000,4170.255,4169.743,2250,890
2021-04-20 00:32:04.145000,4170.267,4169.539,2250,2250
2021-04-20 00:32:25.162000,4170.452,4169.537,3610,4190
2021-04-20 00:32:25.212000,4170.401,4169.751,2250,2250
2021-04-20 00:32:33.284000,4170.755,4169.734,3610,4190
2021-04-20 00:32:33.334000,4170.701,4170.054,2250,2250
2021-04-20 00:32:33.444000,4170.455,4170.04,2250,890
2021-04-20 00:32:33.494000,4170.461,4169.799,2250,2250
2021-04-20 00:32:53.441000,4170.761,4169.749,3610,4190
2021-04-20 00:32:53.492000,4170.767,4170.048,2250,2250
2021-04-20 00:32:55.044000,4170.401,4170.034,2250,890
2021-04-20 00:32:55.094000,4170.452,4169.733,2250,2250
2021-04-20 00:32:55.610000,4170.749,4169.797,3610,4190
2021-04-20 00:32:55.661000,4170.746,4170.039,2250,2250
2021-04-20 00:32:55.770000,4170.449,4170.037,2250,890
2021-04-20 00:32:55.821000,4170.452,4169.748,2250,2250
2021-04-20 00:33:00.054000,4170.755,4169.752,3610,4190
2021-04-20 00:33:00.104000,4170.701,4170.042,2250,2250
2021-04-20 00:33:00.214000,4170.458,4170.034,2250,890
2021-04-20 00:33:00.265000,4170.458,4169.745,2250,2250
2021-04-20 00:33:00.724000,4170.746,4169.746,3610,4190
2021-04-20 00:33:00.774000,4170.701,4170.051,2250,2250
2021-04-20 00:33:01.754000,4170.461,4170.097,2250,890
2021-04-20 00:33:01.805000,4170.464,4169.739,2250,2250
2021-04-20 00:33:02.721000,4170.655,4169.737,3610,4190
2021-04-20 00:33:02.771000,4170.601,4169.936,2250,2250
2021-04-20 00:33:02.879000,4170.461,4169.949,2250,890
2021-04-20 00:33:02.930000,4170.455,4169.742,2250,2250
2021-04-20 00:33:03.149000,4170.752,4169.74,3610,4190
2021-04-20 00:33:03.200000,4170.752,4170.054,2250,2250
2021-04-20 00:33:17.887000,4170.901,4170.046,3610,4190
2021-04-20 00:33:17.937000,4170.967,4170.254,2250,2250
2021-04-20 00:33:20.373000,4171.252,4170.249,3610,4190
2021-04-20 00:33:20.424000,4171.267,4170.545,2250,2250
2021-04-20 00:33:23.392000,4171.461,4170.534,3610,4190
2021-04-20 00:33:23.442000,4171.401,4170.754,2250,2250
2021-04-20 00:33:28.110000,4171.258,4170.737,2250,890
2021-04-20 00:33:28.161000,4171.201,4170.599,2250,2250
2021-04-20 00:33:33.711000,4171.467,4170.54,3610,4190
2021-04-20 00:33:33.761000,4171.464,4170.733,2250,2250
2021-04-20 00:34:23.707000,4171.252,4170.737,2250,890
2021-04-20 00:34:23.757000,4171.252,4170.548,2250,2250
2021-04-20 00:34:30.943000,4170.701,4170.531,2250,890
2021-04-20 00:34:30.993000,4170.764,4170.045,2250,2250
2021-04-20 00:34:32.441000,4170.949,4170.097,3610,4190
2021-04-20 00:34:32.492000,4170.949,4170.239,2250,2250
2021-04-20 00:34:43.138000,4171.267,4170.231,3610,4190
2021-04-20 00:34:43.189000,4171.261,4170.536,2250,2250
2021-04-20 00:34:45.213000,4170.952,4170.549,2250,890
2021-04-20 00:34:45.264000,4170.958,4170.299,2250,2250
2021-04-20 00:35:10.843000,4171.249,4170.231,3610,4190
2021-04-20 00:35:10.894000,4171.267,4170.533,2250,2250
2021-04-20 00:35:11.744000,4170.958,4170.54,2250,890
2021-04-20 00:35:11.794000,4170.901,4170.251,2250,2250
2021-04-20 00:35:13.278000,4170.701,4170.231,2250,890
2021-04-20 00:35:13.328000,4170.746,4170.039,2250,2250
2021-04-20 00:35:25.584000,4170.458,4170.037,2250,890
2021-04-20 00:35:25.634000,4170.467,4169.754,2250,2250
2021-04-20 00:36:00.119000,4170.255,4169.734,2250,890
2021-04-20 00:36:00.170000,4170.261,4169.548,2250,2250
2021-04-20 00:36:01.007000,4170.458,4169.537,3610,4190
2021-04-20 00:36:01.057000,4170.458,4169.751,2250,2250
2021-04-20 00:36:03.364000,4170.646,4169.734,3610,4190
2021-04-20 00:36:03.415000,4170.646,4169.942,2250,2250
2021-04-20 00:36:03.524000,4170.752,4169.931,3610,4190
2021-04-20 00:36:03.575000,4170.755,4170.033,2250,2250
2021-04-20 00:36:03.685000,4170.458,4170.037,2250,890
2021-04-20 00:36:03.736000,4170.449,4169.733,2250,2250
2021-04-20 00:36:04.291000,4170.652,4169.74,3610,4190
2021-04-20 00:36:04.341000,4170.652,4169.951,2250,2250
2021-04-20 00:36:06.290000,4170.446,4169.934,2250,890
2021-04-20 00:36:06.341000,4170.464,4169.751,2250,2250
2021-04-20 00:36:20.796000,4170.749,4169.749,3610,4190
2021-04-20 00:36:20.847000,4170.752,4170.045,2250,2250
2021-04-20 00:36:29.795000,4170.455,4170.046,2250,890
2021-04-20 00:36:29.845000,4170.446,4169.739,2250,2250
2021-04-20 00:36:30.451000,4170.761,4169.797,3610,4190
2021-04-20 00:36:30.501000,4170.749,4170.042,2250,2250
2021-04-20 00:36:48.053000,4170.452,4170.049,2250,890
2021-04-20 00:36:48.103000,4170.449,4169.742,2250,2250
2021-04-20 00:36:50.215000,4170.752,4169.746,3610,4190
2021-04-20 00:36:50.266000,4170.749,4170.045,2250,2250
2021-04-20 00:36:51.314000,4170.452,4170.034,2250,890
2021-04-20 00:36:51.365000,4170.401,4169.754,2250,2250
2021-04-20 00:37:01.642000,4170.346,4169.743,2250,890
2021-04-20 00:37:01.693000,4170.301,4169.636,2250,2250
2021-04-20 00:37:01.804000,4170.364,4169.537,3610,4190
2021-04-20 00:37:01.855000,4170.246,4169.542,2250,2250
2021-04-20 00:37:35.835000,4169.952,4169.546,2250,890
2021-04-20 00:37:35.885000,4169.952,4169.251,2250,2250
2021-04-20 00:37:47.130000,4170.146,4169.246,3610,4190
2021-04-20 00:37:47.180000,4170.158,4169.442,2250,2250
2021-04-20 00:37:47.290000,4169.961,4169.431,2250,890
2021-04-20 00:37:47.341000,4169.952,4169.233,2250,2250
2021-04-20 00:37:47.858000,4170.155,4169.246,3610,4190
2021-04-20 00:37:47.909000,4170.155,4169.445,2250,2250
2021-04-20 00:37:48.142000,4169.964,4169.434,2250,890
2021-04-20 00:37:48.192000,4169.901,4169.239,2250,2250
2021-04-20 00:37:56.224000,4169.867,4169.246,2250,890
2021-04-20 00:37:56.274000,4169.867,4169.145,2250,2250
2021-04-20 00:37:56.385000,4169.767,4169.143,2250,890
2021-04-20 00:37:56.436000,4169.701,4169.048,2250,2250
2021-04-20 00:37:56.704000,4169.955,4169.034,3610,4190
2021-04-20 00:37:56.755000,4169.964,4169.248,2250,2250
2021-04-20 00:38:14.663000,4169.764,4169.249,2250,890
2021-04-20 00:38:14.714000,4169.758,4169.039,2250,2250
2021-04-20 00:38:15.556000,4169.964,4169.031,3610,4190
2021-04-20 00:38:15.607000,4169.901,4169.248,2250,2250
2021-04-20 00:38:16.804000,4169.755,4169.297,2250,890
2021-04-20 00:38:16.854000,4169.752,4169.048,2250,2250
2021-04-20 00:38:43.552000,4169.967,4169.043,3610,4190
2021-04-20 00:38:43.602000,4169.958,4169.233,2250,2250
2021-04-20 00:38:58.055000,4170.167,4169.252,3610,4190
2021-04-20 00:38:58.106000,4170.146,4169.445,2250,2250
2021-04-20 00:38:58.920000,4170.258,4169.431,3610,4190
2021-04-20 00:38:58.971000,4170.249,4169.545,2250,2250
2021-04-20 00:39:01.443000,4169.967,4169.546,2250,890
2021-04-20 00:39:01.494000,4169.964,4169.239,2250,2250
2021-04-20 00:39:02.442000,4170.164,4169.297,3610,4190
2021-04-20 00:39:02.492000,4170.149,4169.445,2250,2250
2021-04-20 00:39:03.263000,4169.946,4169.497,2250,890
2021-04-20 00:39:03.313000,4169.958,4169.251,2250,2250
2021-04-20 00:39:03.905000,4170.155,4169.249,3610,4190
2021-04-20 00:39:03.955000,4170.101,4169.448,2250,2250
2021-04-20 00:39:04.290000,4169.901,4169.443,2250,890
2021-04-20 00:39:04.340000,4169.964,4169.254,2250,2250
2021-04-20 00:39:51.354000,4170.252,4169.252,3610,4190
2021-04-20 00:39:51.405000,4170.258,4169.539,2250,2250
2021-04-20 00:40:00.872000,4169.949,4169.597,2250,890
2021-04-20 00:40:00.922000,4169.901,4169.245,2250,2250
2021-04-20 00:40:23.127000,4169.767,4169.237,2250,890
2021-04-20 00:40:23.177000,4169.767,4169.051,2250,2250
2021-04-20 00:40:24.486000,4169.855,4169.034,3610,4190
2021-04-20 00:40:24.537000,4169.801,4169.154,2250,2250
2021-04-20 00:40:25.251000,4169.764,4169.146,2250,890
2021-04-20 00:40:25.301000,4169.764,4169.045,2250,2250
2021-04-20 00:40:27.270000,4169.858,4169.043,3610,4190
2021-04-20 00:40:27.320000,4169.846,4169.148,2250,2250
2021-04-20 00:40:27.432000,4169.901,4169.152,3610,4190
2021-04-20 00:40:27.482000,4169.967,4169.233,2250,2250
2021-04-20 00:41:20.228000,4170.246,4169.249,3610,4190
2021-04-20 00:41:20.278000,4170.201,4169.551,2250,2250
2021-04-20 00:41:22.673000,4169.946,4169.552,2250,890
2021-04-20 00:41:22.724000,4169.961,4169.236,2250,2250
2021-04-20 00:41:23.234000,4170.146,4169.297,3610,4190
2021-04-20 00:41:23.284000,4170.146,4169.442,2250,2250
2021-04-20 00:41:23.774000,4169.964,4169.452,2250,890
2021-04-20 00:41:23.824000,4169.964,4169.254,2250,2250
2021-04-20 00:41:24.436000,4170.167,4169.252,3610,4190
2021-04-20 00:41:24.486000,4170.164,4169.448,2250,2250
2021-04-20 00:41:25.441000,4169.901,4169.443,2250,890
2021-04-20 00:41:25.491000,4169.967,4169.254,2250,2250
2021-04-20 00:42:00.595000,4169.749,4169.237,2250,890
2021-04-20 00:42:00.646000,4169.755,4169.051,2250,2250
2021-04-20 00:42:00.755000,4169.867,4169.04,3610,4190
2021-04-20 00:42:00.805000,4169.849,4169.133,2250,2250
2021-04-20 00:42:00.915000,4169.946,4169.197,3610,4190
2021-04-20 00:42:00.965000,4169.952,4169.236,2250,2250
2021-04-20 00:42:04.482000,4169.746,4169.243,2250,890
2021-04-20 00:42:04.532000,4169.755,4169.099,2250,2250
2021-04-20 00:42:11.381000,4169.946,4169.034,3610,4190
2021-04-20 00:42:11.431000,4169.955,4169.245,2250,2250
2021-04-20 00:43:23.063000,4170.249,4169.246,3610,4190
2021-04-20 00:43:23.113000,4170.255,4169.539,2250,2250
2021-04-20 00:43:25.490000,4169.961,4169.546,2250,890
2021-04-20 00:43:25.540000,4169.952,4169.233,2250,2250
2021-04-20 00:43:50.822000,4170.267,4169.24,3610,4190
2021-04-20 00:43:50.872000,4170.249,4169.536,2250,2250
2021-04-20 00:43:51.303000,4169.967,4169.552,2250,890
2021-04-20 00:43:51.353000,4169.964,4169.242,2250,2250
2021-04-20 00:43:55.529000,4170.149,4169.234,3610,4190
2021-04-20 00:43:55.579000,4170.152,4169.454,2250,2250
2021-04-20 00:43:56.156000,4169.946,4169.431,2250,890
2021-04-20 00:43:56.206000,4169.961,4169.245,2250,2250
2021-04-20 00:44:02.637000,4170.152,4169.252,3610,4190
2021-04-20 00:44:02.687000,4170.164,4169.454,2250,2250
2021-04-20 00:44:02.794000,4170.264,4169.452,3610,4190
2021-04-20 00:44:02.845000,4170.249,4169.554,2250,2250
2021-04-20 00:44:03.695000,4169.949,4169.543,2250,890
2021-04-20 00:44:03.745000,4169.952,4169.248,2250,2250
2021-04-20 00:44:17.528000,4170.261,4169.252,3610,4190
2021-04-20 00:44:17.579000,4170.246,4169.548,2250,2250
2021-04-20 00:44:19.060000,4169.946,4169.543,2250,890
2021-04-20 00:44:19.110000,4169.964,4169.236,2250,2250
2021-04-20 00:44:19.214000,4170.158,4169.24,3610,4190
2021-04-20 00:44:19.264000,4170.158,4169.433,2250,2250
2021-04-20 00:44:19.496000,4170.261,4169.434,3610,4190
2021-04-20 00:44:19.546000,4170.249,4169.539,2250,2250
2021-04-20 00:44:20.031000,4169.967,4169.537,2250,890
2021-04-20 00:44:20.081000,4169.901,4169.239,2250,2250
2021-04-20 00:44:57.148000,4169.749,4169.243,2250,890
2021-04-20 00:44:57.198000,4169.701,4169.099,2250,2250
2021-04-20 00:45:48.242000,4169.401,4169.046,2250,890
2021-04-20 00:45:48.292000,4169.455,4168.748,2250,2250
2021-04-20 00:45:50.495000,4169.749,4168.74,3610,4190
2021-04-20 00:45:50.545000,4169.701,4169.033,2250,2250
2021-04-20 00:45:54.624000,4169.946,4169.031,3610,4190
2021-04-20 00:45:54.675000,4169.901,4169.251,2250,2250
2021-04-20 00:45:55.208000,4169.746,4169.243,2250,890
2021-04-20 00:45:55.258000,4169.746,4169.048,2250,2250
2021-04-20 00:47:08.878000,4169.946,4169.031,3610,4190
2021-04-20 00:47:08.929000,4169.901,4169.233,2250,2250
2021-04-20 00:47:32.506000,4169.755,4169.246,2250,890
2021-04-20 00:47:32.637000,4169.701,4169.042,2250,2250
2021-04-20 00:48:38.460000,4169.458,4169.04,2250,890
2021-04-20 00:48:38.510000,4169.449,4168.751,2250,2250
2021-04-20 00:48:43.884000,4169.764,4168.737,3610,4190
2021-04-20 00:48:43.935000,4169.758,4169.048,2250,2250
2021-04-20 00:48:44.293000,4169.458,4169.049,2250,890
2021-04-20 00:48:44.344000,4169.455,4168.748,2250,2250
2021-04-20 00:48:51.069000,4169.652,4168.737,3610,4190
2021-04-20 00:48:51.119000,4169.601,4168.948,2250,2250
2021-04-20 00:48:51.228000,4169.401,4168.949,2250,890
2021-04-20 00:48:51.278000,4169.467,4168.745,2250,2250
2021-04-20 00:49:02.454000,4169.646,4168.797,3610,4190
2021-04-20 00:49:02.505000,4169.655,4168.999,2250,2250
2021-04-20 00:49:04.290000,4169.701,4168.94,3610,4190
2021-04-20 00:49:04.340000,4169.767,4169.036,2250,2250
2021-04-20 00:49:27.406000,4169.961,4169.031,3610,4190
2021-04-20 00:49:27.456000,4169.955,4169.239,2250,2250
2021-04-20 00:49:27.565000,4169.746,4169.237,2250,890
2021-04-20 00:49:27.615000,4169.752,4169.054,2250,2250
2021-04-20 00:50:05.119000,4169.946,4169.031,3610,4190
2021-04-20 00:50:05.170000,4169.949,4169.251,2250,2250
2021-04-20 00:50:09.469000,4169.864,4169.246,2250,890
2021-04-20 00:50:09.519000,4169.855,4169.136,2250,2250
2021-04-20 00:50:09.629000,4169.701,4169.131,2250,890
2021-04-20 00:50:09.679000,4169.752,4169.054,2250,2250
2021-04-20 00:50:11.994000,4169.955,4169.034,3610,4190
2021-04-20 00:50:12.044000,4169.955,4169.233,2250,2250
2021-04-20 00:50:12.370000,4169.752,4169.237,2250,890
2021-04-20 00:50:12.421000,4169.749,4169.036,2250,2250
2021-04-20 00:50:13.407000,4169.964,4169.052,3610,4190
2021-04-20 00:50:13.457000,4169.967,4169.239,2250,2250
2021-04-20 00:50:18.092000,4169.852,4169.237,2250,890
2021-04-20 00:50:18.143000,4169.864,4169.142,2250,2250
2021-04-20 00:50:18.252000,4169.958,4169.197,3610,4190
2021-04-20 00:50:18.303000,4169.961,4169.299,2250,2250
2021-04-20 00:50:20.977000,4169.846,4169.243,2250,890
2021-04-20 00:50:21.027000,4169.846,4169.133,2250,2250
2021-04-20 00:50:21.135000,4169.949,4169.197,3610,4190
2021-04-20 00:50:21.186000,4169.967,4169.299,2250,2250
2021-04-20 00:51:51.730000,4169.755,4169.237,2250,890
2021-04-20 00:51:51.780000,4169.758,4169.039,2250,2250
2021-04-20 00:51:51.889000,4169.961,4169.046,3610,4190
2021-04-20 00:51:51.940000,4169.952,4169.242,2250,2250
2021-04-20 00:51:53.220000,4169.755,4169.297,2250,890
2021-04-20 00:51:53.270000,4169.701,4169.051,2250,2250
2021-04-20 00:51:53.380000,4169.855,4169.031,3610,4190
2021-04-20 00:51:53.430000,4169.864,4169.139,2250,2250
2021-04-20 00:51:53.542000,4169.967,4169.143,3610,4190
2021-04-20 00:51:53.592000,4169.949,4169.236,2250,2250
2021-04-20 00:51:54.289000,4169.849,4169.249,2250,890
2021-04-20 00:51:54.340000,4169.801,4169.133,2250,2250
2021-04-20 00:51:54.426000,4169.701,4169.134,2250,890
2021-04-20 00:51:54.476000,4169.755,4169.099,2250,2250
2021-04-20 00:52:19.713000,4169.967,4169.052,3610,4190
2021-04-20 00:52:19.763000,4169.955,4169.239,2250,2250
2021-04-20 00:52:22.905000,4169.764,4169.246,2250,890
2021-04-20 00:52:22.955000,4169.767,4169.045,2250,2250
2021-04-20 00:52:23.065000,4169.949,4169.052,3610,4190
2021-04-20 00:52:23.115000,4169.901,4169.236,2250,2250
2021-04-20 00:52:25.942000,4169.755,4169.252,2250,890
2021-04-20 00:52:25.993000,4169.755,4169.039,2250,2250
2021-04-20 00:52:26.421000,4169.452,4169.049,2250,890
2021-04-20 00:52:26.472000,4169.467,4168.742,2250,2250
2021-04-20 00:52:49.621000,4169.201,4168.743,2250,890
2021-04-20 00:52:49.672000,4169.246,4168.551,2250,2250
2021-04-20 00:53:03.956000,4169.452,4168.549,3610,4190
2021-04-20 00:53:04.007000,4169.446,4168.745,2250,2250
2021-04-20 00:53:22.190000,4169.264,4168.737,2250,890
2021-04-20 00:53:22.240000,4169.255,4168.539,2250,2250
2021-04-20 00:53:56.696000,4169.461,4168.552,3610,4190
2021-04-20 00:53:56.747000,4169.452,4168.739,2250,2250
2021-04-20 00:54:02.027000,4169.252,4168.737,2250,890
2021-04-20 00:54:02.077000,4169.201,4168.545,2250,2250
2021-04-20 00:54:12.302000,4168.961,4168.534,2250,890
2021-04-20 00:54:12.352000,4168.946,4168.299,2250,2250
2021-04-20 00:54:18.583000,4168.749,4168.246,2250,890
2021-04-20 00:54:18.633000,4168.755,4168.042,2250,2250
2021-04-20 00:54:37.389000,4168.652,4168.043,2250,890
2021-04-20 00:54:37.439000,4168.661,4167.933,2250,2250
2021-04-20 00:54:37.542000,4168.401,4167.949,2250,890
2021-04-20 00:54:37.592000,4168.455,4167.736,2250,2250
2021-04-20 00:54:42.107000,4168.758,4167.746,3610,4190
2021-04-20 00:54:42.157000,4168.755,4168.045,2250,2250
2021-04-20 00:54:42.629000,4168.467,4168.034,2250,890
2021-04-20 00:54:42.679000,4168.449,4167.742,2250,2250
2021-04-20 00:54:43.770000,4168.752,4167.752,3610,4190
2021-04-20 00:54:43.820000,4168.767,4168.099,2250,2250
2021-04-20 00:54:44.274000,4168.655,4168.097,2250,890
2021-04-20 00:54:44.324000,4168.601,4167.951,2250,2250
2021-04-20 00:54:44.614000,4168.758,4167.943,3610,4190
2021-04-20 00:54:44.664000,4168.758,4168.048,2250,2250
2021-04-20 00:54:46.341000,4168.667,4168.052,2250,890
2021-04-20 00:54:46.391000,4168.646,4167.954,2250,2250
2021-04-20 00:54:46.706000,4168.452,4167.949,2250,890
2021-04-20 00:54:46.756000,4168.401,4167.745,2250,2250
2021-04-20 00:54:48.032000,4168.749,4167.797,3610,4190
2021-04-20 00:54:48.083000,4168.761,4168.036,2250,2250
2021-04-20 00:54:48.193000,4168.449,4168.097,2250,890
2021-04-20 00:54:48.244000,4168.467,4167.739,2250,2250
2021-04-20 00:54:50.802000,4168.752,4167.737,3610,4190
2021-04-20 00:54:50.852000,4168.746,4168.033,2250,2250
2021-04-20 00:54:56.373000,4168.661,4168.049,2250,890
2021-04-20 00:54:56.424000,4168.655,4167.933,2250,2250
2021-04-20 00:54:56.534000,4168.749,4167.934,3610,4190
2021-04-20 00:54:56.584000,4168.752,4168.045,2250,2250
2021-04-20 00:54:56.693000,4168.661,4168.034,2250,890
2021-04-20 00:54:56.744000,4168.646,4167.948,2250,2250
2021-04-20 00:54:56.873000,4168.701,4167.997,3610,4190
2021-04-20 00:54:56.924000,4168.749,4168.036,2250,2250
2021-04-20 00:54:57.033000,4168.401,4168.043,2250,890
2021-04-20 00:54:57.083000,4168.449,4167.739,2250,2250
2021-04-20 00:55:00.261000,4168.649,4167.797,3610,4190
2021-04-20 00:55:00.312000,4168.667,4167.945,2250,2250
2021-04-20 00:55:00.421000,4168.455,4167.952,2250,890
2021-04-20 00:55:00.471000,4168.455,4167.742,2250,2250
2021-04-20 00:55:00.581000,4168.664,4167.743,3610,4190
2021-04-20 00:55:00.631000,4168.661,4167.939,2250,2250
2021-04-20 00:55:00.899000,4168.455,4167.997,2250,890
2021-04-20 00:55:00.950000,4168.458,4167.736,2250,2250
2021-04-20 00:55:01.711000,4168.749,4168.054,2250,2250
2021-04-20 00:55:16.766000,4168.801,4168.052,3610,4190
2021-04-20 00:55:16.817000,4168.852,4168.133,2250,2250
2021-04-20 00:55:16.926000,4168.746,4168.14,2250,890
2021-04-20 00:55:16.977000,4168.767,4168.054,2250,2250
2021-04-20 00:55:21.233000,4168.949,4168.046,3610,4190
2021-04-20 00:55:21.283000,4168.955,4168.239,2250,2250
2021-04-20 00:55:23.982000,4168.701,4168.297,2250,890
2021-04-20 00:55:24.032000,4168.746,4168.099,2250,2250
2021-04-20 00:55:34.372000,4168.455,4168.046,2250,890
2021-04-20 00:55:34.422000,4168.464,4167.799,2250,2250
2021-04-20 00:55:41.526000,4168.749,4167.749,3610,4190
2021-04-20 00:55:41.576000,4168.767,4168.042,2250,2250
2021-04-20 00:55:51.390000,4168.452,4168.04,2250,890
2021-04-20 00:55:51.440000,4168.452,4167.751,2250,2250
2021-04-20 00:56:01.037000,4168.258,4167.731,2250,890
2021-04-20 00:56:01.088000,4168.249,4167.599,2250,2250
2021-04-20 00:56:04.513000,4167.967,4167.552,2250,890
2021-04-20 00:56:04.564000,4167.958,4167.242,2250,2250
2021-04-20 00:56:06.890000,4168.261,4167.243,3610,4190
2021-04-20 00:56:06.940000,4168.258,4167.551,2250,2250
2021-04-20 00:56:08.023000,4167.952,4167.546,2250,890
2021-04-20 00:56:08.073000,4167.967,4167.242,2250,2250
2021-04-20 00:56:13.832000,4167.746,4167.243,2250,890
2021-04-20 00:56:13.882000,4167.758,4167.042,2250,2250
2021-04-20 00:56:14.459000,4167.952,4167.04,3610,4190
2021-04-20 00:56:14.510000,4167.952,4167.299,2250,2250
2021-04-20 00:56:43.372000,4168.246,4167.234,3610,4190
2021-04-20 00:56:43.422000,4168.258,4167.599,2250,2250
2021-04-20 00:56:45.732000,4167.952,4167.543,2250,890
2021-04-20 00:56:45.782000,4167.946,4167.242,2250,2250
2021-04-20 00:56:47.302000,4168.264,4167.243,3610,4190
2021-04-20 00:56:47.353000,4168.267,4167.533,2250,2250
2021-04-20 00:56:47.466000,4167.955,4167.546,2250,890
2021-04-20 00:56:47.517000,4167.901,4167.233,2250,2250
2021-04-20 00:56:55.735000,4168.255,4167.24,3610,4190
2021-04-20 00:56:55.785000,4168.258,4167.542,2250,2250
2021-04-20 00:56:59.521000,4168.301,4167.546,3610,4190
2021-04-20 00:56:59.571000,4168.352,4167.645,2250,2250
2021-04-20 00:56:59.923000,4168.458,4167.643,3610,4190
2021-04-20 00:56:59.974000,4168.458,4167.799,2250,2250
2021-04-20 00:57:00.410000,4168.301,4167.752,2250,890
2021-04-20 00:57:00.460000,4168.346,4167.654,2250,2250
2021-04-20 00:57:00.563000,4168.201,4167.652,2250,890
2021-04-20 00:57:00.614000,4168.258,4167.554,2250,2250
2021-04-20 00:57:24.345000,4168.458,4167.546,3610,4190
2021-04-20 00:57:24.395000,4168.446,4167.799,2250,2250
2021-04-20 00:57:24.507000,4168.267,4167.797,2250,890
2021-04-20 00:57:24.557000,4168.264,4167.542,2250,2250
2021-04-20 00:57:30.109000,4167.964,4167.537,2250,890
2021-04-20 00:57:30.159000,4167.961,4167.254,2250,2250
2021-04-20 00:57:49.833000,4168.258,4167.243,3610,4190
2021-04-20 00:57:49.884000,4168.246,4167.599,2250,2250
2021-04-20 00:58:07.174000,4168.346,4167.549,3610,4190
2021-04-20 00:58:07.224000,4168.355,4167.639,2250,2250
2021-04-20 00:58:07.335000,4168.201,4167.637,2250,890
2021-04-20 00:58:07.386000,4168.258,4167.533,2250,2250
2021-04-20 00:58:07.621000,4168.458,4167.597,3610,4190
2021-04-20 00:58:07.672000,4168.461,4167.739,2250,2250
2021-04-20 00:58:12.597000,4168.755,4167.752,3610,4190
2021-04-20 00:58:12.648000,4168.761,4168.036,2250,2250
2021-04-20 00:58:13.670000,4168.464,4168.043,2250,890
2021-04-20 00:58:13.720000,4168.458,4167.736,2250,2250
2021-04-20 00:58:20.702000,4168.458,4168.097,2250,890
2021-04-20 00:58:20.753000,4168.746,4168.099,2250,2250
2021-04-20 00:58:20.847000,4168.746,4167.752,3610,4190
2021-04-20 00:58:20.897000,4168.449,4167.736,2250,2250
2021-04-20 00:58:30.109000,4168.746,4167.746,3610,4190
2021-04-20 00:58:30.159000,4168.755,4168.099,2250,2250
2021-04-20 00:58:30.274000,4168.461,4168.043,2250,890
2021-04-20 00:58:30.324000,4168.446,4167.739,2250,2250
2021-04-20 00:58:33.656000,4168.701,4167.743,3610,4190
2021-04-20 00:58:33.707000,4168.758,4168.054,2250,2250
2021-04-20 00:59:04.851000,4168.464,4168.031,2250,890
2021-04-20 00:59:04.902000,4168.449,4167.748,2250,2250
2021-04-20 00:59:17.261000,4168.201,4167.731,2250,890
2021-04-20 00:59:17.311000,4168.252,4167.536,2250,2250
2021-04-20 00:59:19.012000,4168.452,4167.534,3610,4190
2021-04-20 00:59:19.063000,4168.464,4167.754,2250,2250
2021-04-20 00:59:20.269000,4168.358,4167.797,2250,890
2021-04-20 00:59:20.319000,4168.301,4167.699,2250,2250
2021-04-20 00:59:21.128000,4168.464,4167.634,3610,4190
2021-04-20 00:59:21.178000,4168.401,4167.799,2250,2250
2021-04-20 00:59:53.454000,4168.649,4167.752,3610,4190
2021-04-20 00:59:53.505000,4168.646,4167.936,2250,2250
2021-04-20 00:59:53.615000,4168.446,4167.94,2250,890
2021-04-20 00:59:53.666000,4168.446,4167.748,2250,2250
2021-04-20 00:59:58.925000,4168.649,4167.74,3610,4190
2021-04-20 00:59:58.975000,4168.601,4167.939,2250,2250
2021-04-20 00:59:59.087000,4168.767,4167.952,3610,4190
2021-04-20 00:59:59.137000,4168.758,4168.039,2250,2250
2021-04-20 00:59:59.728000,4168.467,4168.037,2250,890
2021-04-20 00:59:59.778000,4168.452,4167.739,2250,2250
2021-04-20 01:00:00.366000,4168.749,4167.743,3610,4190
2021-04-20 01:00:00.416000,4168.761,4168.051,2250,2250
2021-04-20 01:00:01.088000,4168.449,4168.052,2250,890
2021-04-20 01:00:01.138000,4168.452,4167.733,2250,2250
2021-04-20 01:00:02.202000,4168.761,4167.74,3610,4190
2021-04-20 01:00:02.252000,4168.761,4168.099,2250,2250
2021-04-20 01:00:02.362000,4168.458,4168.052,2250,890
2021-04-20 01:00:02.412000,4168.449,4167.745,2250,2250
2021-04-20 01:00:05.512000,4168.701,4167.743,3610,4190
2021-04-20 01:00:05.563000,4168.755,4168.048,2250,2250
2021-04-20 01:00:05.671000,4168.467,4168.046,2250,890
2021-04-20 01:00:05.721000,4168.401,4167.748,2250,2250
2021-04-20 01:00:12.692000,4168.246,4167.731,2250,890
2021-04-20 01:00:12.742000,4168.249,4167.554,2250,2250
2021-04-20 01:00:17.187000,4168.455,4167.534,3610,4190
2021-04-20 01:00:17.237000,4168.449,4167.742,2250,2250
2021-04-20 01:00:35.187000,4168.761,4167.74,3610,4190
2021-04-20 01:00:35.237000,4168.764,4168.033,2250,2250
2021-04-20 01:00:38.810000,4168.655,4168.037,2250,890
2021-04-20 01:00:38.861000,4168.658,4167.954,2250,2250
2021-04-20 01:00:39.170000,4168.461,4167.934,2250,890
2021-04-20 01:00:39.220000,4168.446,4167.748,2250,2250
2021-04-20 01:00:43.079000,4168.261,4167.74,2250,890
2021-04-20 01:00:43.130000,4168.249,4167.551,2250,2250
2021-04-20 01:00:46.173000,4168.358,4167.537,3610,4190
2021-04-20 01:00:46.224000,4168.355,4167.642,2250,2250
2021-04-20 01:00:46.336000,4168.452,4167.745,2250,2250
2021-04-20 01:00:47.695000,4168.249,4167.734,2250,890
2021-04-20 01:00:47.746000,4168.255,4167.599,2250,2250
2021-04-20 01:00:50.772000,4168.461,4167.549,3610,4190
2021-04-20 01:00:50.822000,4168.464,4167.748,2250,2250
2021-04-20 01:01:02.974000,4168.258,4167.74,2250,890
2021-04-20 01:01:03.024000,4168.261,4167.533,2250,2250
2021-04-20 01:01:07.774000,4167.964,4167.546,2250,890
2021-04-20 01:01:07.824000,4167.967,4167.254,2250,2250
2021-04-20 01:01:09.098000,4168.267,4167.24,3610,4190
2021-04-20 01:01:09.148000,4168.246,4167.536,2250,2250
2021-04-20 01:01:39.941000,4167.967,4167.537,2250,890
2021-04-20 01:01:39.992000,4167.955,4167.233,2250,2250
2021-04-20 01:01:40.959000,4168.249,4167.231,3610,4190
2021-04-20 01:01:41.010000,4168.267,4167.539,2250,2250
2021-04-20 01:01:42.697000,4167.964,4167.54,2250,890
2021-04-20 01:01:42.748000,4167.964,4167.245,2250,2250
2021-04-20 01:01:59.155000,4168.201,4167.297,3610,4190
2021-04-20 01:01:59.205000,4168.255,4167.539,2250,2250
2021-04-20 01:02:16.758000,4168.446,4167.537,3610,4190
2021-04-20 01:02:16.808000,4168.401,4167.754,2250,2250
2021-04-20 01:02:17.403000,4168.255,4167.749,2250,890
2021-04-20 01:02:17.453000,4168.249,4167.542,2250,2250
2021-04-20 01:02:18.042000,4168.449,4167.552,3610,4190
2021-04-20 01:02:18.093000,4168.455,4167.751,2250,2250
2021-04-20 01:02:18.694000,4168.264,4167.737,2250,890
2021-04-20 01:02:18.744000,4168.252,4167.542,2250,2250
2021-04-20 01:02:25.435000,4168.452,4167.537,3610,4190
2021-04-20 01:02:25.485000,4168.452,4167.739,2250,2250
2021-04-20 01:02:44.078000,4168.749,4167.734,3610,4190
2021-04-20 01:02:44.128000,4168.755,4168.051,2250,2250
2021-04-20 01:02:49.749000,4168.964,4168.034,3610,4190
2021-04-20 01:02:49.800000,4168.964,4168.251,2250,2250
2021-04-20 01:02:58.375000,4168.752,4168.231,2250,890
2021-04-20 01:02:58.426000,4168.746,4168.048,2250,2250
2021-04-20 01:02:58.537000,4168.852,4168.046,3610,4190
2021-04-20 01:02:58.587000,4168.846,4168.136,2250,2250
2021-04-20 01:02:58.697000,4168.752,4168.134,2250,890
2021-04-20 01:02:58.747000,4168.758,4168.054,2250,2250
2021-04-20 01:03:00.477000,4168.749,4168.152,2250,890
2021-04-20 01:03:00.527000,4168.867,4168.199,2250,2250
2021-04-20 01:03:01.306000,4168.901,4168.143,3610,4190
2021-04-20 01:03:01.357000,4168.946,4168.242,2250,2250
2021-04-20 01:03:07.476000,4168.967,4168.049,3610,4190
2021-04-20 01:03:07.526000,4168.764,4168.042,2250,2250
2021-04-20 01:03:29.048000,4168.964,4168.046,3610,4190
2021-04-20 01:03:29.099000,4168.964,4168.248,2250,2250
2021-04-20 01:03:34.865000,4168.746,4168.252,2250,890
2021-04-20 01:03:34.916000,4168.758,4168.036,2250,2250
2021-04-20 01:03:37.972000,4168.949,4168.046,3610,4190
2021-04-20 01:03:38.022000,4168.967,4168.239,2250,2250
2021-04-20 01:03:38.336000,4168.861,4168.24,2250,890
2021-04-20 01:03:38.386000,4168.861,4168.154,2250,2250
2021-04-20 01:03:38.496000,4168.952,4168.197,3610,4190
2021-04-20 01:03:38.547000,4168.901,4168.236,2250,2250
2021-04-20 01:03:41.664000,4168.758,4168.231,2250,890
2021-04-20 01:03:41.715000,4168.767,4168.051,2250,2250
2021-04-20 01:03:42.000000,4168.961,4168.043,3610,4190
2021-04-20 01:03:42.050000,4168.961,4168.299,2250,2250
2021-04-20 01:03:58.351000,4168.767,4168.231,2250,890
2021-04-20 01:03:58.401000,4168.701,4168.036,2250,2250
2021-04-20 01:04:07.309000,4168.955,4168.097,3610,4190
2021-04-20 01:04:07.360000,4168.901,4168.299,2250,2250
2021-04-20 01:04:11.693000,4169.201,4168.249,3610,4190
2021-04-20 01:04:11.743000,4169.249,4168.539,2250,2250
2021-04-20 01:04:13.691000,4169.201,4168.237,3610,4190
2021-04-20 01:04:13.742000,4168.952,4168.239,2250,2250
2021-04-20 01:04:14.011000,4169.155,4168.237,3610,4190
2021-04-20 01:04:14.061000,4169.149,4168.436,2250,2250
2021-04-20 01:04:15.097000,4168.952,4168.431,2250,890
2021-04-20 01:04:15.147000,4168.967,4168.242,2250,2250
2021-04-20 01:04:31.319000,4168.858,4168.246,2250,890
2021-04-20 01:04:31.369000,4168.858,4168.136,2250,2250
2021-04-20 01:04:31.989000,4168.964,4168.149,3610,4190
2021-04-20 01:04:32.039000,4168.955,4168.242,2250,2250
2021-04-20 01:04:43.422000,4168.764,4168.231,2250,890
2021-04-20 01:04:43.472000,4168.701,4168.036,2250,2250
2021-04-20 01:05:25.784000,4168.964,4168.034,3610,4190
2021-04-20 01:05:25.834000,4168.946,4168.248,2250,2250
2021-04-20 01:05:27.667000,4169.264,4168.599,2250,2250
2021-04-20 01:05:30.313000,4168.949,4168.597,2250,890
2021-04-20 01:05:30.363000,4168.901,4168.233,2250,2250
2021-04-20 01:06:46.904000,4168.958,4168.097,3610,4190
2021-04-20 01:06:46.955000,4168.701,4168.051,2250,2250
2021-04-20 01:06:48.133000,4168.801,4168.049,3610,4190
2021-04-20 01:06:48.184000,4168.849,4168.151,2250,2250
2021-04-20 01:06:48.293000,4168.901,4168.197,3610,4190
2021-04-20 01:06:48.343000,4168.949,4168.251,2250,2250
2021-04-20 01:06:50.835000,4169.201,4168.237,3610,4190
2021-04-20 01:06:50.885000,4169.261,4168.542,2250,2250
2021-04-20 01:06:53.178000,4169.449,4168.543,3610,4190
2021-04-20 01:06:53.229000,4169.458,4168.745,2250,2250
2021-04-20 01:06:53.984000,4169.249,4168.737,2250,890
2021-04-20 01:06:54.035000,4169.246,4168.533,2250,2250
2021-04-20 01:07:00.723000,4169.455,4168.546,3610,4190
2021-04-20 01:07:00.773000,4169.461,4168.799,2250,2250
2021-04-20 01:07:00.883000,4169.358,4168.743,2250,890
2021-04-20 01:07:00.933000,4169.346,4168.654,2250,2250
2021-04-20 01:07:01.044000,4169.352,4168.737,2250,890
2021-04-20 01:07:01.094000,4169.401,4168.751,2250,2250
2021-04-20 01:07:02.428000,4169.249,4168.746,2250,890
2021-04-20 01:07:02.479000,4169.267,4168.539,2250,2250
2021-04-20 01:07:25.463000,4169.149,4168.546,2250,890
2021-04-20 01:07:25.513000,4169.164,4168.448,2250,2250
2021-04-20 01:07:25.637000,4168.952,4168.497,2250,890
2021-04-20 01:07:25.687000,4168.949,4168.236,2250,2250
2021-04-20 01:07:44.755000,4168.864,4168.252,2250,890
2021-04-20 01:07:44.805000,4168.846,4168.154,2250,2250
2021-04-20 01:07:45.473000,4168.958,4168.143,3610,4190
2021-04-20 01:07:45.524000,4168.901,4168.248,2250,2250
2021-04-20 01:08:22.447000,4168.767,4168.237,2250,890
2021-04-20 01:08:22.497000,4168.767,4168.054,2250,2250
2021-04-20 01:08:52.640000,4168.458,4168.04,2250,890
2021-04-20 01:08:52.690000,4168.467,4167.748,2250,2250
2021-04-20 01:09:12.296000,4168.249,4167.74,2250,890
2021-04-20 01:09:12.346000,4168.255,4167.599,2250,2250
2021-04-20 01:09:13.813000,4168.467,4167.534,3610,4190
2021-04-20 01:09:13.864000,4168.449,4167.736,2250,2250
2021-04-20 01:09:21.918000,4168.261,4167.734,2250,890
2021-04-20 01:09:21.968000,4168.267,4167.539,2250,2250
2021-04-20 01:09:26.500000,4167.961,4167.546,2250,890
2021-04-20 01:09:26.550000,4167.964,4167.233,2250,2250
2021-04-20 01:09:28.972000,4167.858,4167.249,2250,890
2021-04-20 01:09:29.022000,4167.801,4167.151,2250,2250
2021-04-20 01:09:29.133000,4167.767,4167.134,2250,890
2021-04-20 01:09:29.183000,4167.755,4167.042,2250,2250
2021-04-20 01:09:39.591000,4167.952,4167.04,3610,4190
2021-04-20 01:09:39.642000,4167.961,4167.245,2250,2250
2021-04-20 01:09:46.394000,4167.758,4167.252,2250,890
2021-04-20 01:09:46.444000,4167.752,4167.036,2250,2250
2021-04-20 01:09:47.498000,4167.961,4167.04,3610,4190
2021-04-20 01:09:47.548000,4167.967,4167.236,2250,2250
2021-04-20 01:10:01.274000,4168.264,4167.243,3610,4190
2021-04-20 01:10:01.324000,4168.249,4167.599,2250,2250
2021-04-20 01:10:01.428000,4167.955,4167.546,2250,890
2021-04-20 01:10:01.478000,4167.967,4167.248,2250,2250
2021-04-20 01:10:01.941000,4168.255,4167.237,3610,4190
2021-04-20 01:10:01.991000,4168.255,4167.554,2250,2250
2021-04-20 01:10:16.454000,4168.467,4167.543,3610,4190
2021-04-20 01:10:16.504000,4168.452,4167.745,2250,2250
2021-04-20 01:10:34.946000,4168.764,4167.743,3610,4190
2021-04-20 01:10:34.996000,4168.746,4168.099,2250,2250
2021-04-20 01:10:39.358000,4168.967,4168.046,3610,4190
2021-04-20 01:10:39.409000,4168.949,4168.239,2250,2250
2021-04-20 01:10:39.698000,4168.858,4168.249,2250,890
2021-04-20 01:10:39.748000,4168.801,4168.148,2250,2250
2021-04-20 01:10:39.993000,4168.961,4168.149,3610,4190
2021-04-20 01:10:40.043000,4168.958,4168.248,2250,2250
2021-04-20 01:11:01.449000,4168.764,4168.231,2250,890
2021-04-20 01:11:01.499000,4168.746,4168.039,2250,2250
2021-04-20 01:11:01.767000,4168.858,4168.034,3610,4190
2021-04-20 01:11:01.817000,4168.858,4168.151,2250,2250
2021-04-20 01:11:01.926000,4168.767,4168.197,2250,890
2021-04-20 01:11:01.977000,4168.758,4168.099,2250,2250
2021-04-20 01:11:02.712000,4168.946,4168.034,3610,4190
2021-04-20 01:11:02.762000,4168.952,4168.299,2250,2250
2021-04-20 01:11:03.235000,4168.752,4168.297,2250,890
2021-04-20 01:11:03.286000,4168.758,4168.039,2250,2250
2021-04-20 01:11:03.772000,4168.964,4168.046,3610,4190
2021-04-20 01:11:03.822000,4168.958,4168.248,2250,2250
2021-04-20 01:11:23.491000,4168.767,4168.246,2250,890
2021-04-20 01:11:23.541000,4168.767,4168.042,2250,2250
2021-04-20 01:11:23.812000,4168.961,4168.037,3610,4190
2021-04-20 01:11:23.862000,4168.958,4168.248,2250,2250
2021-04-20 01:11:24.238000,4168.801,4168.243,2250,890
2021-04-20 01:11:24.288000,4168.801,4168.139,2250,2250
2021-04-20 01:11:24.609000,4168.867,4168.234,2250,890
2021-04-20 01:11:24.659000,4168.952,4168.251,2250,2250
2021-04-20 01:11:31.189000,4168.752,4168.231,2250,890
2021-04-20 01:11:31.239000,4168.701,4168.036,2250,2250
2021-04-20 01:11:31.672000,4168.967,4168.04,3610,4190
2021-04-20 01:11:31.722000,4168.949,4168.242,2250,2250
2021-04-20 01:11:31.830000,4168.701,4168.231,2250,890
2021-04-20 01:11:31.880000,4168.758,4168.099,2250,2250
2021-04-20 01:11:31.992000,4168.849,4168.052,3610,4190
2021-04-20 01:11:32.043000,4168.846,4168.136,2250,2250
2021-04-20 01:11:32.312000,4168.746,4168.137,2250,890
2021-04-20 01:11:32.362000,4168.758,4168.051,2250,2250
2021-04-20 01:11:33.312000,4168.964,4168.034,3610,4190
2021-04-20 01:11:33.362000,4168.964,4168.236,2250,2250
2021-04-20 01:11:34.644000,4168.846,4168.237,2250,890
2021-04-20 01:11:34.695000,4168.801,4168.142,2250,2250
2021-04-20 01:11:34.801000,4168.764,4168.14,2250,890
2021-04-20 01:11:34.851000,4168.767,4168.039,2250,2250
2021-04-20 01:11:39.296000,4168.901,4168.04,3610,4190
2021-04-20 01:11:39.347000,4168.961,4168.245,2250,2250
2021-04-20 01:11:41.227000,4168.846,4168.249,2250,890
2021-04-20 01:11:41.277000,4168.849,4168.133,2250,2250
2021-04-20 01:11:41.386000,4168.758,4168.137,2250,890
2021-04-20 01:11:41.437000,4168.755,4168.045,2250,2250
2021-04-20 01:11:42.419000,4168.952,4168.034,3610,4190
2021-04-20 01:11:42.469000,4168.967,4168.236,2250,2250
2021-04-20 01:11:44.013000,4168.864,4168.252,2250,890
2021-04-20 01:11:44.063000,4168.846,4168.154,2250,2250
2021-04-20 01:11:44.981000,4168.761,4168.149,2250,890
2021-04-20 01:11:45.031000,4168.752,4168.048,2250,2250
2021-04-20 01:11:45.139000,4168.855,4168.097,3610,4190
2021-04-20 01:11:45.189000,4168.858,4168.199,2250,2250
2021-04-20 01:11:45.305000,4168.964,4168.131,3610,4190
2021-04-20 01:11:45.355000,4168.946,4168.254,2250,2250
2021-04-20 01:11:46.785000,4168.767,4168.246,2250,890
2021-04-20 01:11:46.835000,4168.749,4168.099,2250,2250
2021-04-20 01:11:53.191000,4168.952,4168.04,3610,4190
2021-04-20 01:11:53.242000,4168.955,4168.254,2250,2250
2021-04-20 01:12:06.680000,4169.255,4168.243,3610,4190
2021-04-20 01:12:06.730000,4169.252,4168.551,2250,2250
2021-04-20 01:12:07.822000,4168.967,4168.537,2250,890
2021-04-20 01:12:07.873000,4168.952,4168.242,2250,2250
2021-04-20 01:12:08.177000,4169.101,4168.234,3610,4190
2021-04-20 01:12:08.228000,4169.146,4168.499,2250,2250
2021-04-20 01:12:08.338000,4168.955,4168.44,2250,890
2021-04-20 01:12:08.388000,4168.961,4168.233,2250,2250
2021-04-20 01:12:16.202000,4168.846,4168.297,2250,890
2021-04-20 01:12:16.252000,4168.867,4168.199,2250,2250
2021-04-20 01:12:16.629000,4168.952,4168.152,3610,4190
2021-04-20 01:12:16.679000,4168.949,4168.245,2250,2250
2021-04-20 01:12:24.948000,4169.152,4168.249,3610,4190
2021-04-20 01:12:24.998000,4169.164,4168.445,2250,2250
2021-04-20 01:12:25.456000,4168.901,4168.449,2250,890
2021-04-20 01:12:25.506000,4168.964,4168.299,2250,2250
2021-04-20 01:12:30.097000,4169.101,4168.243,3610,4190
2021-04-20 01:12:30.147000,4169.149,4168.442,2250,2250
2021-04-20 01:12:30.259000,4168.955,4168.431,2250,890
2021-04-20 01:12:30.309000,4168.946,4168.299,2250,2250
2021-04-20 01:13:02.223000,4168.761,4168.231,2250,890
2021-04-20 01:13:02.273000,4168.752,4168.033,2250,2250
2021-04-20 01:13:09.990000,4168.946,4168.031,3610,4190
2021-04-20 01:13:10.041000,4168.901,4168.239,2250,2250
2021-04-20 01:13:10.324000,4168.761,4168.249,2250,890
2021-04-20 01:13:10.375000,4168.755,4168.099,2250,2250
2021-04-20 01:13:14.631000,4168.958,4168.037,3610,4190
2021-04-20 01:13:14.681000,4168.961,4168.251,2250,2250
2021-04-20 01:13:19.168000,4168.867,4168.24,2250,890
2021-04-20 01:13:19.219000,4168.861,4168.133,2250,2250
2021-04-20 01:13:22.017000,4168.955,4168.134,3610,4190
2021-04-20 01:13:22.068000,4168.961,4168.239,2250,2250
2021-04-20 01:13:22.348000,4168.867,4168.249,2250,890
2021-04-20 01:13:22.398000,4168.858,4168.136,2250,2250
2021-04-20 01:13:22.507000,4168.746,4168.137,2250,890
2021-04-20 01:13:22.557000,4168.767,4168.042,2250,2250
2021-04-20 01:13:22.666000,4168.958,4168.034,3610,4190
2021-04-20 01:13:22.717000,4168.964,4168.299,2250,2250
2021-04-20 01:14:05.178000,4169.152,4168.24,3610,4190
2021-04-20 01:14:05.228000,4169.152,4168.442,2250,2250
2021-04-20 01:14:05.337000,4169.249,4168.497,3610,4190
2021-04-20 01:14:05.388000,4169.264,4168.539,2250,2250
2021-04-20 01:14:09.591000,4168.901,4168.549,2250,890
2021-04-20 01:14:09.642000,4168.958,4168.299,2250,2250
2021-04-20 01:14:09.750000,4169.246,4168.234,3610,4190
2021-04-20 01:14:09.801000,4169.246,4168.554,2250,2250
2021-04-20 01:14:23.623000,4169.349,4168.537,3610,4190
2021-04-20 01:14:23.673000,4169.367,4168.648,2250,2250
2021-04-20 01:14:23.782000,4169.467,4168.637,3610,4190
2021-04-20 01:14:23.833000,4169.452,4168.748,2250,2250
2021-04-20 01:14:51.975000,4169.449,4168.597,3610,4190
2021-04-20 01:14:52.026000,4169.201,4168.536,2250,2250
2021-04-20 01:14:53.485000,4169.461,4168.531,3610,4190
2021-04-20 01:14:53.535000,4169.464,4168.736,2250,2250
2021-04-20 01:14:53.643000,4169.355,4168.797,2250,890
2021-04-20 01:14:53.693000,4169.349,4168.633,2250,2250
2021-04-20 01:14:54.643000,4169.264,4168.697,2250,890
2021-04-20 01:14:54.694000,4169.246,4168.554,2250,2250
2021-04-20 01:14:55.275000,4169.301,4168.534,3610,4190
2021-04-20 01:14:55.325000,4169.301,4168.642,2250,2250
2021-04-20 01:14:55.435000,4169.252,4168.697,2250,890
2021-04-20 01:14:55.485000,4169.249,4168.599,2250,2250
2021-04-20 01:14:55.994000,4169.355,4168.549,3610,4190
2021-04-20 01:14:56.044000,4169.349,4168.642,2250,2250
2021-04-20 01:14:56.371000,4169.255,4168.637,2250,890
2021-04-20 01:14:56.421000,4169.264,4168.539,2250,2250
2021-04-20 01:14:57.860000,4169.367,4168.546,3610,4190
2021-04-20 01:14:57.910000,4169.367,4168.639,2250,2250
2021-04-20 01:14:59.024000,4169.455,4168.649,3610,4190
2021-04-20 01:14:59.074000,4169.401,4168.748,2250,2250
2021-04-20 01:15:03.876000,4169.652,4168.752,3610,4190
2021-04-20 01:15:03.927000,4169.661,4168.999,2250,2250
2021-04-20 01:15:04.035000,4169.758,4168.952,3610,4190
2021-04-20 01:15:04.085000,4169.758,4169.042,2250,2250
2021-04-20 01:15:09.687000,4169.958,4169.04,3610,4190
2021-04-20 01:15:09.738000,4169.961,4169.254,2250,2250
2021-04-20 01:15:23.598000,4170.261,4169.297,3610,4190
2021-04-20 01:15:23.649000,4170.249,4169.551,2250,2250
2021-04-20 01:15:24.051000,4170.149,4169.537,2250,890
2021-04-20 01:15:24.102000,4170.155,4169.445,2250,2250
2021-04-20 01:15:24.211000,4169.946,4169.431,2250,890
2021-04-20 01:15:24.262000,4169.961,4169.239,2250,2250
2021-04-20 01:15:25.122000,4170.267,4169.237,3610,4190
2021-04-20 01:15:25.172000,4170.201,4169.539,2250,2250
2021-04-20 01:15:49.188000,4170.146,4169.537,2250,890
2021-04-20 01:15:49.239000,4170.101,4169.439,2250,2250
2021-04-20 01:15:49.509000,4169.967,4169.446,2250,890
2021-04-20 01:15:49.559000,4169.949,4169.299,2250,2250
2021-04-20 01:16:06.518000,4170.155,4169.234,3610,4190
2021-04-20 01:16:06.569000,4170.146,4169.454,2250,2250
2021-04-20 01:16:08.959000,4170.267,4169.434,3610,4190
2021-04-20 01:16:09.010000,4170.249,4169.536,2250,2250
2021-04-20 01:16:10.319000,4170.346,4169.537,3610,4190
2021-04-20 01:16:10.369000,4170.358,4169.642,2250,2250
2021-04-20 01:16:11.952000,4170.249,4169.649,2250,890
2021-04-20 01:16:12.003000,4170.201,4169.545,2250,2250
2021-04-20 01:16:13.202000,4170.458,4169.552,3610,4190
2021-04-20 01:16:13.253000,4170.401,4169.751,2250,2250
2021-04-20 01:16:13.522000,4170.261,4169.74,2250,890
2021-04-20 01:16:13.573000,4170.249,4169.548,2250,2250
2021-04-20 01:16:14.451000,4170.358,4169.546,3610,4190
2021-04-20 01:16:14.502000,4170.364,4169.636,2250,2250
2021-04-20 01:16:14.689000,4170.246,4169.649,2250,890
2021-04-20 01:16:14.739000,4170.252,4169.542,2250,2250
2021-04-20 01:16:17.656000,4170.458,4169.546,3610,4190
2021-04-20 01:16:17.706000,4170.401,4169.742,2250,2250
2021-04-20 01:16:19.558000,4170.764,4170.054,2250,2250
2021-04-20 01:16:30.467000,4170.464,4170.046,2250,890
2021-04-20 01:16:30.518000,4170.455,4169.742,2250,2250
2021-04-20 01:16:30.628000,4170.649,4169.752,3610,4190
2021-04-20 01:16:30.678000,4170.664,4169.939,2250,2250
2021-04-20 01:16:30.789000,4170.755,4169.937,3610,4190
2021-04-20 01:16:30.840000,4170.746,4170.036,2250,2250
2021-04-20 01:16:38.277000,4170.955,4170.037,3610,4190
2021-04-20 01:16:38.327000,4170.949,4170.233,2250,2250
2021-04-20 01:16:41.945000,4171.258,4170.24,3610,4190
2021-04-20 01:16:41.995000,4171.201,4170.545,2250,2250
2021-04-20 01:16:53.599000,4170.961,4170.534,2250,890
2021-04-20 01:16:53.649000,4170.901,4170.236,2250,2250
2021-04-20 01:16:56.385000,4171.201,4170.246,3610,4190
2021-04-20 01:16:56.436000,4171.267,4170.545,2250,2250
2021-04-20 01:16:56.546000,4170.952,4170.537,2250,890
2021-04-20 01:16:56.597000,4170.946,4170.254,2250,2250
2021-04-20 01:16:56.705000,4171.201,4170.249,3610,4190
2021-04-20 01:16:56.755000,4171.255,4170.536,2250,2250
2021-04-20 01:16:57.026000,4170.946,4170.537,2250,890
2021-04-20 01:16:57.077000,4170.949,4170.245,2250,2250
2021-04-20 01:16:57.885000,4170.767,4170.234,2250,890
2021-04-20 01:16:57.936000,4170.761,4170.054,2250,2250
2021-04-20 01:17:13.330000,4171.267,4170.052,3610,4190
2021-04-20 01:17:13.380000,4171.261,4170.599,2250,2250
2021-04-20 01:17:13.661000,4171.461,4170.531,3610,4190
2021-04-20 01:17:13.711000,4171.455,4170.799,2250,2250
2021-04-20 01:17:15.677000,4171.346,4170.749,2250,890
2021-04-20 01:17:15.728000,4171.349,4170.639,2250,2250
2021-04-20 01:17:16.227000,4171.261,4170.649,2250,890
2021-04-20 01:17:16.277000,4171.201,4170.545,2250,2250
2021-04-20 01:17:26.723000,4170.901,4170.537,2250,890
2021-04-20 01:17:26.773000,4170.961,4170.233,2250,2250
2021-04-20 01:17:27.662000,4171.158,4170.246,3610,4190
2021-04-20 01:17:27.713000,4171.101,4170.448,2250,2250
2021-04-20 01:17:28.072000,4170.958,4170.44,2250,890
2021-04-20 01:17:28.122000,4170.967,4170.254,2250,2250
2021-04-20 01:17:29.211000,4171.101,4170.297,3610,4190
2021-04-20 01:17:29.261000,4171.152,4170.454,2250,2250
2021-04-20 01:17:29.675000,4170.961,4170.497,2250,890
2021-04-20 01:17:29.726000,4170.949,4170.254,2250,2250
2021-04-20 01:17:34.599000,4171.167,4170.243,3610,4190
2021-04-20 01:17:34.649000,4171.152,4170.433,2250,2250
2021-04-20 01:17:34.944000,4170.952,4170.437,2250,890
2021-04-20 01:17:34.994000,4170.949,4170.239,2250,2250
2021-04-20 01:18:01.065000,4171.149,4170.249,3610,4190
2021-04-20 01:18:01.116000,4171.149,4170.442,2250,2250
2021-04-20 01:18:01.688000,4171.261,4170.446,3610,4190
2021-04-20 01:18:01.738000,4171.258,4170.599,2250,2250
2021-04-20 01:18:02.808000,4170.958,4170.543,2250,890
2021-04-20 01:18:02.859000,4170.955,4170.251,2250,2250
2021-04-20 01:18:09.097000,4170.701,4170.24,2250,890
2021-04-20 01:18:09.148000,4170.752,4170.039,2250,2250
2021-04-20 01:18:09.431000,4170.852,4170.097,3610,4190
2021-04-20 01:18:09.481000,4170.861,4170.151,2250,2250
2021-04-20 01:18:10.345000,4170.764,4170.134,2250,890
2021-04-20 01:18:10.396000,4170.758,4170.099,2250,2250
2021-04-20 01:18:10.846000,4170.801,4170.034,3610,4190
2021-04-20 01:18:10.897000,4170.867,4170.154,2250,2250
2021-04-20 01:18:11.008000,4170.746,4170.134,2250,890
2021-04-20 01:18:11.058000,4170.764,4170.042,2250,2250
2021-04-20 01:18:11.168000,4170.949,4170.031,3610,4190
2021-04-20 01:18:11.218000,4170.952,4170.254,2250,2250
2021-04-20 01:18:11.326000,4170.749,4170.252,2250,890
2021-04-20 01:18:11.377000,4170.755,4170.051,2250,2250
2021-04-20 01:18:30.085000,4170.458,4170.052,2250,890
2021-04-20 01:18:30.135000,4170.452,4169.748,2250,2250
2021-04-20 01:18:34.714000,4170.752,4169.734,3610,4190
2021-04-20 01:18:34.764000,4170.746,4170.099,2250,2250
2021-04-20 01:18:45.477000,4170.967,4170.034,3610,4190
2021-04-20 01:18:45.527000,4170.949,4170.248,2250,2250
2021-04-20 01:18:47.979000,4170.752,4170.252,2250,890
2021-04-20 01:18:48.029000,4170.764,4170.054,2250,2250
2021-04-20 01:19:03.867000,4170.446,4170.097,2250,890
2021-04-20 01:19:03.918000,4170.467,4169.739,2250,2250
2021-04-20 01:19:12.822000,4170.264,4169.74,2250,890
2021-04-20 01:19:12.872000,4170.264,4169.536,2250,2250
2021-04-20 01:19:14.467000,4170.458,4169.549,3610,4190
2021-04-20 01:19:14.518000,4170.446,4169.748,2250,2250
2021-04-20 01:19:15.543000,4170.463,4169.737,610,890
2021-04-20 01:19:15.593000,4169.761,4169.051,2250,2250
2021-04-20 01:19:27.066000,4169.761,4168.734,3610,4190
2021-04-20 01:19:27.116000,4169.452,4168.736,2250,2250
2021-04-20 01:20:00.344000,4169.746,4168.752,3610,4190
2021-04-20 01:20:00.394000,4169.761,4169.099,2250,2250
2021-04-20 01:20:25.318000,4169.752,4169.534,2250,890
2021-04-20 01:20:25.368000,4170.267,4169.548,2250,2250
2021-04-20 01:20:30.175000,4169.955,4169.543,2250,890
2021-04-20 01:20:30.226000,4169.949,4169.245,2250,2250
2021-04-20 01:20:37.997000,4170.267,4169.237,3610,4190
2021-04-20 01:20:38.047000,4170.246,4169.533,2250,2250
2021-04-20 01:20:48.873000,4170.455,4169.549,3610,4190
2021-04-20 01:20:48.924000,4170.449,4169.754,2250,2250
2021-04-20 01:20:52.330000,4170.249,4169.752,2250,890
2021-04-20 01:20:52.381000,4170.249,4169.533,2250,2250
2021-04-20 01:20:55.478000,4170.458,4169.54,3610,4190
2021-04-20 01:20:55.528000,4170.452,4169.736,2250,2250
2021-04-20 01:21:00.793000,4170.249,4169.74,2250,890
2021-04-20 01:21:00.843000,4170.264,4169.599,2250,2250
2021-04-20 01:21:02.583000,4170.361,4169.534,3610,4190
2021-04-20 01:21:02.633000,4170.358,4169.636,2250,2250
2021-04-20 01:21:02.743000,4170.264,4169.631,2250,890
2021-04-20 01:21:02.793000,4170.246,4169.551,2250,2250
2021-04-20 01:21:05.882000,4170.349,4169.531,3610,4190
2021-04-20 01:21:05.932000,4170.358,4169.651,2250,2250
2021-04-20 01:21:06.042000,4170.458,4169.637,3610,4190
2021-04-20 01:21:06.093000,4170.452,4169.799,2250,2250
2021-04-20 01:21:06.568000,4170.261,4169.731,2250,890
2021-04-20 01:21:06.618000,4170.249,4169.551,2250,2250
2021-04-20 01:21:09.240000,4170.252,4169.797,2250,890
2021-04-20 01:21:09.291000,4170.452,4169.736,2250,2250
2021-04-20 01:21:09.719000,4170.252,4169.749,2250,890
2021-04-20 01:21:09.769000,4170.258,4169.539,2250,2250
2021-04-20 01:21:10.039000,4170.301,4169.552,3610,4190
2021-04-20 01:21:10.090000,4170.364,4169.699,2250,2250
2021-04-20 01:21:10.522000,4170.401,4169.646,3610,4190
2021-04-20 01:21:10.572000,4170.458,4169.742,2250,2250
2021-04-20 01:21:10.915000,4170.261,4169.752,2250,890
2021-04-20 01:21:10.966000,4170.264,4169.542,2250,2250
2021-04-20 01:21:38.373000,4169.949,4169.543,2250,890
2021-04-20 01:21:38.424000,4169.946,4169.242,2250,2250
2021-04-20 01:21:38.690000,4169.955,4169.597,2250,890
2021-04-20 01:21:38.740000,4170.267,4169.536,2250,2250
2021-04-20 01:21:39.015000,4169.964,4169.546,2250,890
2021-04-20 01:21:39.065000,4169.901,4169.236,2250,2250
2021-04-20 01:21:39.491000,4169.955,4169.031,3610,4190
2021-04-20 01:21:39.541000,4169.755,4169.036,2250,2250
2021-04-20 01:21:45.264000,4169.952,4169.049,3610,4190
2021-04-20 01:21:45.315000,4169.967,4169.251,2250,2250
2021-04-20 01:21:57.005000,4170.255,4169.249,3610,4190
2021-04-20 01:21:57.056000,4170.267,4169.539,2250,2250
2021-04-20 01:21:58.426000,4170.258,4169.237,3610,4190
2021-04-20 01:21:58.477000,4169.946,4169.251,2250,2250
2021-04-20 01:21:58.739000,4170.164,4169.237,3610,4190
2021-04-20 01:21:58.790000,4170.155,4169.439,2250,2250
2021-04-20 01:21:59.804000,4169.955,4169.497,2250,890
2021-04-20 01:21:59.855000,4169.958,4169.245,2250,2250
2021-04-20 01:22:03.240000,4170.149,4169.237,3610,4190
2021-04-20 01:22:03.290000,4170.155,4169.436,2250,2250
2021-04-20 01:22:03.402000,4169.958,4169.446,2250,890
2021-04-20 01:22:03.452000,4169.901,4169.242,2250,2250
2021-04-20 01:22:03.881000,4170.255,4169.231,3610,4190
2021-04-20 01:22:03.931000,4170.246,4169.548,2250,2250
2021-04-20 01:22:22.317000,4169.946,4169.531,2250,890
2021-04-20 01:22:22.367000,4169.901,4169.233,2250,2250
2021-04-20 01:22:25.367000,4169.755,4169.237,2250,890
2021-04-20 01:22:25.417000,4169.701,4169.039,2250,2250
2021-04-20 01:22:28.750000,4169.458,4169.034,2250,890
2021-04-20 01:22:28.800000,4169.467,4168.742,2250,2250
2021-04-20 01:22:40.219000,4169.658,4168.737,3610,4190
2021-04-20 01:22:40.269000,4169.661,4168.945,2250,2250
2021-04-20 01:22:40.741000,4169.467,4168.952,2250,890
2021-04-20 01:22:40.791000,4169.461,4168.751,2250,2250
2021-04-20 01:22:41.223000,4169.646,4168.737,3610,4190
2021-04-20 01:22:41.273000,4169.646,4168.945,2250,2250
2021-04-20 01:22:41.382000,4169.461,4168.934,2250,890
2021-04-20 01:22:41.433000,4169.458,4168.799,2250,2250
2021-04-20 01:22:48.972000,4169.455,4168.54,3610,4190
2021-04-20 01:22:49.022000,4169.255,4168.545,2250,2250
2021-04-20 01:22:49.557000,4169.401,4168.552,3610,4190
2021-04-20 01:22:49.608000,4169.467,4168.799,2250,2250
2021-04-20 01:23:03.285000,4169.749,4168.752,3610,4190
2021-04-20 01:23:03.335000,4169.752,4169.036,2250,2250
2021-04-20 01:23:03.443000,4169.467,4169.031,2250,890
2021-04-20 01:23:03.494000,4169.455,4168.742,2250,2250
2021-04-20 01:23:13.502000,4169.646,4168.734,3610,4190
2021-04-20 01:23:13.552000,4169.646,4168.939,2250,2250
2021-04-20 01:23:13.689000,4169.446,4168.946,2250,890
2021-04-20 01:23:13.740000,4169.452,4168.739,2250,2250
2021-04-20 01:23:13.850000,4169.649,4168.749,3610,4190
2021-04-20 01:23:13.900000,4169.664,4168.954,2250,2250
2021-04-20 01:23:14.790000,4169.455,4168.937,2250,890
2021-04-20 01:23:14.841000,4169.464,4168.739,2250,2250
2021-04-20 01:23:15.110000,4169.649,4168.746,3610,4190
2021-04-20 01:23:15.161000,4169.655,4168.999,2250,2250
2021-04-20 01:23:15.429000,4169.464,4168.94,2250,890
2021-04-20 01:23:15.479000,4169.461,4168.745,2250,2250
2021-04-20 01:23:15.590000,4169.755,4168.731,3610,4190
2021-04-20 01:23:15.640000,4169.752,4169.039,2250,2250
2021-04-20 01:23:15.749000,4169.664,4169.034,2250,890
2021-04-20 01:23:15.799000,4169.664,4168.933,2250,2250
2021-04-20 01:23:17.351000,4169.764,4168.934,3610,4190
2021-04-20 01:23:17.401000,4169.746,4169.033,2250,2250
2021-04-20 01:23:21.057000,4169.955,4169.04,3610,4190
2021-04-20 01:23:21.107000,4169.964,4169.233,2250,2250
2021-04-20 01:23:32.654000,4169.752,4169.246,2250,890
2021-04-20 01:23:32.704000,4169.752,4169.048,2250,2250
2021-04-20 01:23:32.814000,4169.967,4169.037,3610,4190
2021-04-20 01:23:32.865000,4169.961,4169.251,2250,2250
2021-04-20 01:23:33.635000,4169.861,4169.24,2250,890
2021-04-20 01:23:33.686000,4169.861,4169.133,2250,2250
2021-04-20 01:23:34.105000,4169.964,4169.143,3610,4190
2021-04-20 01:23:34.155000,4169.952,4169.236,2250,2250
2021-04-20 01:24:05.785000,4170.149,4169.237,3610,4190
2021-04-20 01:24:05.835000,4170.167,4169.442,2250,2250
2021-04-20 01:24:06.181000,4169.961,4169.446,2250,890
2021-04-20 01:24:06.232000,4169.964,4169.299,2250,2250
2021-04-20 01:24:08.039000,4170.146,4169.246,3610,4190
2021-04-20 01:24:08.089000,4170.158,4169.433,2250,2250
2021-04-20 01:24:08.391000,4169.952,4169.443,2250,890
2021-04-20 01:24:08.441000,4169.961,4169.239,2250,2250
2021-04-20 01:24:08.550000,4170.101,4169.237,3610,4190
2021-04-20 01:24:08.601000,4170.167,4169.454,2250,2250
2021-04-20 01:24:09.041000,4170.258,4169.443,3610,4190
2021-04-20 01:24:09.092000,4170.264,4169.554,2250,2250
2021-04-20 01:24:10.712000,4169.901,4169.549,2250,890
2021-04-20 01:24:10.762000,4169.961,4169.299,2250,2250
2021-04-20 01:24:17.264000,4169.955,4169.04,3610,4190
2021-04-20 01:24:17.314000,4169.761,4169.036,2250,2250
2021-04-20 01:24:17.902000,4169.946,4169.04,3610,4190
2021-04-20 01:24:17.953000,4169.967,4169.299,2250,2250
2021-04-20 01:24:18.473000,4169.701,4169.252,2250,890
2021-04-20 01:24:18.523000,4169.749,4169.099,2250,2250
2021-04-20 01:24:19.318000,4169.961,4169.049,3610,4190
2021-04-20 01:24:19.368000,4169.964,4169.236,2250,2250
2021-04-20 01:24:32.219000,4169.961,4169.052,3610,4190
2021-04-20 01:24:32.269000,4169.752,4169.039,2250,2250
2021-04-20 01:24:54.486000,4169.449,4169.052,2250,890
2021-04-20 01:24:54.536000,4169.401,4168.733,2250,2250
2021-04-20 01:25:01.182000,4169.455,4169.097,2250,890
2021-04-20 01:25:01.233000,4169.758,4169.054,2250,2250
2021-04-20 01:25:02.462000,4169.852,4169.046,3610,4190
2021-04-20 01:25:02.513000,4169.864,4169.151,2250,2250
2021-04-20 01:25:02.623000,4169.701,4169.131,2250,890
2021-04-20 01:25:02.673000,4169.746,4169.036,2250,2250
2021-04-20 01:25:08.499000,4169.455,4169.043,2250,890
2021-04-20 01:25:08.549000,4169.452,4168.745,2250,2250
2021-04-20 01:25:12.119000,4169.467,4169.097,2250,890
2021-04-20 01:25:12.170000,4169.761,4169.039,2250,2250
2021-04-20 01:25:12.669000,4169.461,4169.052,2250,890
2021-04-20 01:25:12.719000,4169.449,4168.733,2250,2250
2021-04-20 01:25:19.691000,4169.761,4168.74,3610,4190
2021-04-20 01:25:19.742000,4169.767,4169.051,2250,2250
2021-04-20 01:25:21.358000,4169.949,4169.04,3610,4190
2021-04-20 01:25:21.409000,4169.949,4169.245,2250,2250
2021-04-20 01:25:22.118000,4169.855,4169.297,2250,890
2021-04-20 01:25:22.168000,4169.849,4169.133,2250,2250
2021-04-20 01:25:22.277000,4169.752,4169.152,2250,890
2021-04-20 01:25:22.327000,4169.758,4169.039,2250,2250
2021-04-20 01:25:24.505000,4169.864,4169.04,3610,4190
2021-04-20 01:25:24.556000,4169.867,4169.148,2250,2250
2021-04-20 01:25:25.517000,4169.949,4169.146,3610,4190
2021-04-20 01:25:25.568000,4169.967,4169.251,2250,2250
2021-04-20 01:25:39.704000,4169.961,4169.434,2250,890
2021-04-20 01:25:39.755000,4170.149,4169.436,2250,2250
2021-04-20 01:25:39.859000,4170.264,4169.446,3610,4190
2021-04-20 01:25:39.909000,4170.252,4169.542,2250,2250
2021-04-20 01:25:40.017000,4169.958,4169.597,2250,890
2021-04-20 01:25:40.067000,4169.949,4169.239,2250,2250
2021-04-20 01:25:41.846000,4170.152,4169.237,3610,4190
2021-04-20 01:25:41.897000,4170.146,4169.448,2250,2250
2021-04-20 01:25:42.006000,4169.964,4169.431,2250,890
2021-04-20 01:25:42.056000,4169.901,4169.251,2250,2250
2021-04-20 01:25:49.499000,4169.701,4169.297,2250,890
2021-04-20 01:25:49.549000,4169.764,4169.048,2250,2250
2021-04-20 01:25:54.307000,4169.846,4169.046,3610,4190
2021-04-20 01:25:54.357000,4169.864,4169.133,2250,2250
2021-04-20 01:25:54.593000,4169.761,4169.146,2250,890
2021-04-20 01:25:54.643000,4169.749,4169.045,2250,2250
2021-04-20 01:26:00.195000,4169.967,4169.043,3610,4190
2021-04-20 01:26:00.246000,4169.958,4169.251,2250,2250
2021-04-20 01:26:00.524000,4169.849,4169.297,2250,890
2021-04-20 01:26:00.574000,4169.867,4169.154,2250,2250
2021-04-20 01:26:00.683000,4169.701,4169.131,2250,890
2021-04-20 01:26:00.733000,4169.701,4169.039,2250,2250
2021-04-20 01:26:01.026000,4169.846,4169.052,3610,4190
2021-04-20 01:26:01.077000,4169.801,4169.199,2250,2250
2021-04-20 01:26:01.347000,4169.901,4169.146,3610,4190
2021-04-20 01:26:01.398000,4169.946,4169.299,2250,2250
2021-04-20 01:26:08.563000,4169.761,4169.252,2250,890
2021-04-20 01:26:08.613000,4169.749,4169.099,2250,2250
2021-04-20 01:26:35.624000,4169.949,4169.046,3610,4190
2021-04-20 01:26:35.674000,4169.901,4169.254,2250,2250
2021-04-20 01:26:36.988000,4169.846,4169.249,2250,890
2021-04-20 01:26:37.038000,4169.846,4169.145,2250,2250
2021-04-20 01:26:37.147000,4169.758,4169.134,2250,890
2021-04-20 01:26:37.197000,4169.701,4169.042,2250,2250
2021-04-20 01:26:39.864000,4169.961,4169.097,3610,4190
2021-04-20 01:26:39.914000,4169.967,4169.245,2250,2250
2021-04-20 01:26:45.223000,4169.758,4169.24,2250,890
2021-04-20 01:26:45.273000,4169.755,4169.033,2250,2250
2021-04-20 01:26:52.244000,4169.455,4169.049,2250,890
2021-04-20 01:26:52.294000,4169.449,4168.754,2250,2250
2021-04-20 01:26:55.749000,4169.601,4168.797,3610,4190
2021-04-20 01:26:55.800000,4169.652,4168.954,2250,2250
2021-04-20 01:26:56.568000,4169.764,4168.934,3610,4190
2021-04-20 01:26:56.618000,4169.701,4169.042,2250,2250
2021-04-20 01:26:57.662000,4169.455,4169.049,2250,890
2021-04-20 01:26:57.712000,4169.464,4168.742,2250,2250
2021-04-20 01:27:04.302000,4169.701,4168.797,3610,4190
2021-04-20 01:27:04.353000,4169.758,4169.099,2250,2250
2021-04-20 01:27:06.975000,4169.761,4169.143,2250,890
2021-04-20 01:27:07.025000,4169.849,4169.133,2250,2250
2021-04-20 01:27:07.292000,4169.758,4169.134,2250,890
2021-04-20 01:27:07.342000,4169.758,4169.045,2250,2250
2021-04-20 01:27:10.650000,4169.901,4169.097,3610,4190
2021-04-20 01:27:10.701000,4169.967,4169.248,2250,2250
2021-04-20 01:27:11.258000,4169.864,4169.237,2250,890
2021-04-20 01:27:11.308000,4169.846,4169.133,2250,2250
2021-04-20 01:27:11.418000,4169.755,4169.131,2250,890
2021-04-20 01:27:11.468000,4169.764,4169.054,2250,2250
2021-04-20 01:27:27.720000,4169.855,4169.049,3610,4190
2021-04-20 01:27:27.770000,4169.801,4169.142,2250,2250
2021-04-20 01:27:27.881000,4169.901,4169.197,3610,4190
2021-04-20 01:27:27.931000,4169.964,4169.251,2250,2250
2021-04-20 01:27:28.041000,4169.858,4169.249,2250,890
2021-04-20 01:27:28.091000,4169.846,4169.199,2250,2250
2021-04-20 01:27:28.487000,4169.746,4169.149,2250,890
2021-04-20 01:27:28.537000,4169.755,4169.036,2250,2250
2021-04-20 01:27:33.308000,4169.949,4169.043,3610,4190
2021-04-20 01:27:33.358000,4169.901,4169.254,2250,2250
2021-04-20 01:27:34.212000,4169.701,4169.234,2250,890
2021-04-20 01:27:34.263000,4169.767,4169.042,2250,2250
2021-04-20 01:27:36.141000,4169.864,4169.034,3610,4190
2021-04-20 01:27:36.192000,4169.855,4169.142,2250,2250
2021-04-20 01:27:36.454000,4169.752,4169.197,2250,890
2021-04-20 01:27:36.504000,4169.746,4169.042,2250,2250
2021-04-20 01:27:41.973000,4169.855,4169.097,3610,4190
