2021-04-19 00:00:00.717000,4172.549,4171.631,3610,3140
2021-04-19 00:00:00.767000,4172.501,4171.854,2250,2250
2021-04-19 00:00:19.448000,4172.858,4171.843,3610,3140
2021-04-19 00:00:19.498000,4172.849,4172.148,2250,2250
2021-04-19 00:00:20.986000,4173.058,4172.131,3610,3140
2021-04-19 00:00:21.037000,4173.055,4172.339,2250,2250
2021-04-19 00:00:25.306000,4172.852,4172.331,2250,890
2021-04-19 00:00:25.356000,4172.849,4172.199,2250,2250
2021-04-19 00:00:28.921000,4172.555,4172.137,2250,890
2021-04-19 00:00:28.972000,4172.552,4171.854,2250,2250
2021-04-19 00:00:31.878000,4172.364,4171.846,2250,890
2021-04-19 00:00:31.928000,4172.367,4171.636,2250,2250
2021-04-19 00:00:34.917000,4172.067,4171.631,2250,890
2021-04-19 00:00:34.968000,4172.049,4171.348,2250,2250
2021-04-19 00:00:36.266000,4172.364,4171.337,3610,3140
2021-04-19 00:00:36.317000,4172.358,4171.648,2250,2250
2021-04-19 00:00:38.440000,4172.555,4171.845,2250,2250
2021-04-19 00:00:42.924000,4172.355,4171.843,2250,890
2021-04-19 00:00:42.974000,4172.301,4171.636,2250,2250
2021-04-19 00:00:43.287000,4172.558,4171.64,3610,3140
2021-04-19 00:00:43.338000,4172.567,4171.899,2250,2250
2021-04-19 00:00:57.380000,4172.364,4171.642,2250,2250
2021-04-19 00:01:01.835000,4172.201,4171.637,2250,890
2021-04-19 00:01:01.885000,4172.249,4171.542,2250,2250
2021-04-19 00:01:02.001000,4172.049,4171.351,2250,2250
2021-04-19 00:01:03.651000,4172.352,4171.645,2250,2250
2021-04-19 00:01:04.429000,4172.001,4171.637,2250,890
2021-04-19 00:01:04.479000,4172.001,4171.351,2250,2250
2021-04-19 00:01:18.670000,4172.364,4171.343,3610,3140
2021-04-19 00:01:18.720000,4172.301,4171.642,2250,2250
2021-04-19 00:01:19.491000,4172.064,4171.649,2250,890
2021-04-19 00:01:19.542000,4172.052,4171.399,2250,2250
2021-04-19 00:01:23.353000,4171.846,4171.349,2250,890
2021-04-19 00:01:23.403000,4171.852,4171.142,2250,2250
2021-04-19 00:01:25.276000,4172.001,4171.14,3610,3140
2021-04-19 00:01:25.326000,4172.061,4171.339,2250,2250
2021-04-19 00:01:29.078000,4171.801,4171.397,2250,890
2021-04-19 00:01:29.129000,4171.864,4171.133,2250,2250
2021-04-19 00:01:29.327000,4171.855,4170.643,3610,3140
2021-04-19 00:01:29.377000,4171.355,4170.633,2250,2250
2021-04-19 00:01:29.487000,4171.564,4170.697,3610,3140
2021-04-19 00:01:29.537000,4171.501,4170.845,2250,2250
2021-04-19 00:01:31.572000,4171.358,4170.831,2250,890
2021-04-19 00:01:31.623000,4171.346,4170.651,2250,2250
2021-04-19 00:01:32.052000,4171.546,4170.697,3610,3140
2021-04-19 00:01:32.102000,4171.546,4170.851,2250,2250
2021-04-19 00:01:36.337000,4171.852,4170.834,3610,3140
2021-04-19 00:01:36.387000,4171.801,4171.136,2250,2250
2021-04-19 00:01:36.817000,4171.564,4171.134,2250,890
2021-04-19 00:01:36.867000,4171.549,4170.839,2250,2250
2021-04-19 00:01:39.047000,4171.367,4170.852,2250,890
2021-04-19 00:01:39.097000,4171.349,4170.642,2250,2250
2021-04-19 00:01:41.735000,4171.346,4170.852,2250,890
2021-04-19 00:01:41.785000,4171.561,4170.899,2250,2250
2021-04-19 00:01:43.179000,4171.355,4170.837,2250,890
2021-04-19 00:01:43.229000,4171.367,4170.651,2250,2250
2021-04-19 00:01:43.340000,4171.561,4170.637,3610,3140
2021-04-19 00:01:43.390000,4171.501,4170.839,2250,2250
2021-04-19 00:01:47.099000,4171.861,4170.849,3610,3140
2021-04-19 00:01:47.150000,4171.855,4171.154,2250,2250
2021-04-19 00:01:47.292000,4171.564,4170.839,2250,2250
2021-04-19 00:01:48.060000,4171.852,4170.834,3610,3140
2021-04-19 00:01:48.110000,4171.855,4171.142,2250,2250
2021-04-19 00:01:48.219000,4171.501,4171.197,2250,890
2021-04-19 00:01:48.269000,4171.546,4170.851,2250,2250
2021-04-19 00:01:49.068000,4171.846,4170.837,3610,3140
2021-04-19 00:01:49.118000,4171.852,4171.199,2250,2250
2021-04-19 00:01:51.950000,4171.546,4171.14,2250,890
2021-04-19 00:01:52.000000,4171.501,4170.851,2250,2250
2021-04-19 00:01:53.561000,4171.361,4170.648,2250,2250
2021-04-19 00:01:55.486000,4171.567,4170.697,3610,3140
2021-04-19 00:01:55.536000,4171.555,4170.833,2250,2250
2021-04-19 00:01:59.855000,4171.346,4170.837,2250,890
2021-04-19 00:01:59.905000,4171.367,4170.633,2250,2250
2021-04-19 00:02:00.003000,4171.555,4170.697,3610,3140
2021-04-19 00:02:00.054000,4171.558,4170.848,2250,2250
2021-04-19 00:02:08.352000,4171.555,4170.697,3610,3140
2021-04-19 00:02:08.402000,4171.301,4170.636,2250,2250
2021-04-19 00:02:09.473000,4171.555,4170.649,3610,3140
2021-04-19 00:02:09.524000,4171.552,4170.842,2250,2250
2021-04-19 00:02:09.952000,4171.452,4170.834,2250,890
2021-04-19 00:02:10.003000,4171.401,4170.748,2250,2250
2021-04-19 00:02:10.113000,4171.567,4170.731,3610,3140
2021-04-19 00:02:10.163000,4171.546,4170.851,2250,2250
2021-04-19 00:02:10.272000,4171.467,4170.837,2250,890
2021-04-19 00:02:10.323000,4171.446,4170.799,2250,2250
2021-04-19 00:02:10.433000,4171.364,4170.734,2250,890
2021-04-19 00:02:10.483000,4171.355,4170.642,2250,2250
2021-04-19 00:02:12.195000,4171.558,4170.637,3610,3140
2021-04-19 00:02:12.246000,4171.501,4170.899,2250,2250
2021-04-19 00:02:12.514000,4171.358,4170.834,2250,890
2021-04-19 00:02:12.564000,4171.355,4170.648,2250,2250
2021-04-19 00:02:13.036000,4171.501,4170.836,2250,2250
2021-04-19 00:02:21.001000,4171.846,4170.846,3610,3140
2021-04-19 00:02:21.052000,4171.846,4171.148,2250,2250
2021-04-19 00:02:23.138000,4171.552,4171.197,2250,890
2021-04-19 00:02:23.189000,4171.564,4170.833,2250,2250
2021-04-19 00:02:23.298000,4171.867,4170.852,3610,3140
2021-04-19 00:02:23.349000,4171.801,4171.142,2250,2250
2021-04-19 00:02:41.487000,4172.067,4171.146,3610,3140
2021-04-19 00:02:41.538000,4172.052,4171.399,2250,2250
2021-04-19 00:02:41.647000,4171.849,4171.334,2250,890
2021-04-19 00:02:41.698000,4171.855,4171.136,2250,2250
2021-04-19 00:02:47.196000,4172.058,4171.152,3610,3140
2021-04-19 00:02:47.246000,4172.067,4171.342,2250,2250
2021-04-19 00:02:47.515000,4171.846,4171.337,2250,890
2021-04-19 00:02:47.566000,4171.864,4171.133,2250,2250
2021-04-19 00:02:49.370000,4171.855,4171.337,2250,890
2021-04-19 00:02:49.420000,4172.001,4171.354,2250,2250
2021-04-19 00:02:49.855000,4171.867,4171.346,2250,890
2021-04-19 00:02:50.025000,4171.867,4171.145,2250,2250
2021-04-19 00:02:50.077000,4172.049,4171.348,2250,2250
2021-04-19 00:03:00.581000,4171.861,4171.349,2250,890
2021-04-19 00:03:00.631000,4171.867,4171.148,2250,2250
2021-04-19 00:03:03.120000,4171.555,4171.149,2250,890
2021-04-19 00:03:03.171000,4171.546,4170.839,2250,2250
2021-04-19 00:03:05.958000,4171.864,4170.834,3610,3140
2021-04-19 00:03:06.008000,4171.846,4171.133,2250,2250
2021-04-19 00:03:15.159000,4171.967,4171.245,2250,2250
2021-04-19 00:03:15.933000,4171.801,4171.234,2250,890
2021-04-19 00:03:15.983000,4171.849,4171.142,2250,2250
2021-04-19 00:03:19.998000,4171.964,4171.131,3610,3140
2021-04-19 00:03:20.048000,4171.949,4171.248,2250,2250
2021-04-19 00:03:20.157000,4171.867,4171.249,2250,890
2021-04-19 00:03:20.208000,4171.858,4171.145,2250,2250
2021-04-19 00:03:20.797000,4172.001,4171.143,3610,3140
2021-04-19 00:03:20.847000,4172.058,4171.342,2250,2250
2021-04-19 00:03:21.273000,4171.864,4171.337,2250,890
2021-04-19 00:03:21.323000,4171.861,4171.151,2250,2250
2021-04-19 00:03:22.421000,4172.058,4171.333,2250,2250
2021-04-19 00:03:22.541000,4171.861,4171.346,2250,890
2021-04-19 00:03:22.592000,4171.801,4171.142,2250,2250
2021-04-19 00:03:25.745000,4172.055,4171.137,3610,3140
2021-04-19 00:03:25.795000,4172.067,4171.336,2250,2250
2021-04-19 00:03:26.410000,4171.846,4171.34,2250,890
2021-04-19 00:03:26.460000,4171.864,4171.142,2250,2250
2021-04-19 00:03:39.168000,4171.567,4171.131,2250,890
2021-04-19 00:03:39.218000,4171.561,4170.839,2250,2250
2021-04-19 00:03:43.799000,4171.858,4170.852,3610,3140
2021-04-19 00:03:43.849000,4171.867,4171.151,2250,2250
2021-04-19 00:03:44.285000,4171.549,4171.137,2250,890
2021-04-19 00:03:44.336000,4171.564,4170.839,2250,2250
2021-04-19 00:04:00.608000,4171.361,4170.897,2250,890
2021-04-19 00:04:00.658000,4171.352,4170.639,2250,2250
2021-04-19 00:04:05.383000,4171.546,4170.652,3610,3140
2021-04-19 00:04:05.433000,4171.555,4170.854,2250,2250
2021-04-19 00:04:28.113000,4171.846,4171.148,2250,2250
2021-04-19 00:04:43.059000,4172.052,4171.14,3610,3140
2021-04-19 00:04:43.109000,4172.001,4171.336,2250,2250
2021-04-19 00:04:51.115000,4171.858,4171.346,2250,890
2021-04-19 00:04:51.165000,4171.864,4171.145,2250,2250
2021-04-19 00:04:51.435000,4172.067,4171.143,3610,3140
2021-04-19 00:04:51.485000,4172.049,4171.354,2250,2250
2021-04-19 00:04:58.582000,4171.861,4171.349,2250,890
2021-04-19 00:04:58.635000,4171.852,4171.148,2250,2250
2021-04-19 00:04:58.743000,4172.055,4171.137,3610,3140
2021-04-19 00:04:58.794000,4172.055,4171.348,2250,2250
2021-04-19 00:05:01.415000,4171.852,4171.343,2250,890
2021-04-19 00:05:01.466000,4171.846,4171.154,2250,2250
2021-04-19 00:05:02.598000,4171.546,4171.131,2250,890
2021-04-19 00:05:02.648000,4171.567,4170.845,2250,2250
2021-04-19 00:05:11.570000,4171.067,4170.843,2250,890
2021-04-19 00:05:11.620000,4171.046,4170.351,2250,2250
2021-04-19 00:05:15.492000,4171.346,4170.334,3610,3140
2021-04-19 00:05:15.543000,4171.355,4170.636,2250,2250
2021-04-19 00:05:25.145000,4171.201,4170.64,2250,890
2021-04-19 00:05:25.196000,4171.255,4170.554,2250,2250
2021-04-19 00:05:25.486000,4171.346,4170.543,3610,3140
2021-04-19 00:05:25.536000,4171.346,4170.639,2250,2250
2021-04-19 00:05:30.499000,4171.349,4170.334,3610,3140
2021-04-19 00:05:30.550000,4171.067,4170.399,2250,2250
2021-04-19 00:05:41.746000,4170.849,4170.352,2250,890
2021-04-19 00:05:41.796000,4170.852,4170.133,2250,2250
2021-04-19 00:05:53.651000,4170.561,4170.149,2250,890
2021-04-19 00:05:53.702000,4170.552,4169.836,2250,2250
2021-04-19 00:06:04.305000,4170.864,4169.849,3610,3140
2021-04-19 00:06:04.356000,4170.861,4170.148,2250,2250
2021-04-19 00:06:04.463000,4170.546,4170.131,2250,890
2021-04-19 00:06:04.514000,4170.501,4169.854,2250,2250
2021-04-19 00:06:08.107000,4170.346,4169.849,2250,890
2021-04-19 00:06:08.157000,4170.349,4169.636,2250,2250
2021-04-19 00:06:08.265000,4170.555,4169.64,3610,3140
2021-04-19 00:06:08.316000,4170.564,4169.848,2250,2250
2021-04-19 00:06:09.563000,4170.346,4169.651,2250,2250
2021-04-19 00:06:09.723000,4170.567,4169.637,3610,3140
2021-04-19 00:06:09.773000,4170.549,4169.899,2250,2250
2021-04-19 00:06:10.555000,4170.401,4169.745,2250,2250
2021-04-19 00:06:10.682000,4170.567,4169.737,3610,3140
2021-04-19 00:06:10.732000,4170.549,4169.842,2250,2250
2021-04-19 00:06:11.595000,4170.358,4169.852,2250,890
2021-04-19 00:06:11.645000,4170.364,4169.639,2250,2250
2021-04-19 00:06:21.668000,4170.052,4169.643,2250,890
2021-04-19 00:06:21.719000,4170.049,4169.342,2250,2250
2021-04-19 00:06:21.832000,4170.352,4169.346,3610,3140
2021-04-19 00:06:21.882000,4170.301,4169.645,2250,2250
2021-04-19 00:06:25.528000,4170.549,4169.845,2250,2250
2021-04-19 00:06:28.464000,4170.852,4169.834,3610,3140
2021-04-19 00:06:28.514000,4170.855,4170.142,2250,2250
2021-04-19 00:06:29.702000,4170.758,4170.051,2250,2250
2021-04-19 00:06:30.032000,4170.561,4169.842,2250,2250
2021-04-19 00:06:33.783000,4170.861,4169.897,3610,3140
2021-04-19 00:06:33.834000,4170.801,4170.142,2250,2250
2021-04-19 00:06:40.927000,4171.061,4170.354,2250,2250
2021-04-19 00:06:41.673000,4170.864,4170.337,2250,890
2021-04-19 00:06:41.723000,4170.846,4170.145,2250,2250
2021-04-19 00:06:42.381000,4171.067,4170.197,3610,3140
2021-04-19 00:06:42.431000,4171.001,4170.354,2250,2250
2021-04-19 00:06:47.277000,4170.858,4170.352,2250,890
2021-04-19 00:06:47.328000,4170.801,4170.142,2250,2250
2021-04-19 00:06:48.517000,4171.058,4170.339,2250,2250
2021-04-19 00:06:49.911000,4170.864,4170.346,2250,890
2021-04-19 00:06:49.962000,4170.849,4170.142,2250,2250
2021-04-19 00:06:50.766000,4171.064,4170.143,3610,3140
2021-04-19 00:06:50.816000,4171.046,4170.348,2250,2250
2021-04-19 00:06:52.007000,4170.867,4170.352,2250,890
2021-04-19 00:06:52.057000,4170.861,4170.142,2250,2250
2021-04-19 00:06:58.292000,4171.052,4170.131,3610,3140
2021-04-19 00:06:58.343000,4171.049,4170.351,2250,2250
2021-04-19 00:07:01.486000,4170.849,4170.331,2250,890
2021-04-19 00:07:01.536000,4170.864,4170.199,2250,2250
2021-04-19 00:07:12.259000,4170.567,4170.137,2250,890
2021-04-19 00:07:12.309000,4170.549,4169.842,2250,2250
2021-04-19 00:07:12.610000,4170.852,4169.831,3610,3140
2021-04-19 00:07:12.661000,4170.855,4170.136,2250,2250
2021-04-19 00:07:20.844000,4171.046,4170.149,3610,3140
2021-04-19 00:07:20.895000,4171.061,4170.339,2250,2250
2021-04-19 00:07:21.454000,4170.861,4170.352,2250,890
2021-04-19 00:07:21.504000,4170.864,4170.199,2250,2250
2021-04-19 00:07:23.996000,4171.046,4170.146,3610,3140
2021-04-19 00:07:24.046000,4171.058,4170.336,2250,2250
2021-04-19 00:07:24.157000,4170.801,4170.349,2250,890
2021-04-19 00:07:24.207000,4170.846,4170.151,2250,2250
2021-04-19 00:07:28.023000,4170.761,4170.131,2250,890
2021-04-19 00:07:28.073000,4170.758,4170.048,2250,2250
2021-04-19 00:07:28.207000,4170.546,4169.836,2250,2250
2021-04-19 00:07:28.899000,4170.801,4169.831,3610,3140
2021-04-19 00:07:28.950000,4170.855,4170.139,2250,2250
2021-04-19 00:07:29.061000,4170.752,4170.131,2250,890
2021-04-19 00:07:29.111000,4170.767,4170.099,2250,2250
2021-04-19 00:07:29.547000,4170.861,4170.04,3610,3140
2021-04-19 00:07:29.597000,4170.864,4170.199,2250,2250
2021-04-19 00:07:52.512000,4170.564,4170.143,2250,890
2021-04-19 00:07:52.562000,4170.555,4169.899,2250,2250
2021-04-19 00:07:58.579000,4170.364,4169.654,2250,2250
2021-04-19 00:08:01.947000,4170.049,4169.697,2250,890
2021-04-19 00:08:01.997000,4170.055,4169.345,2250,2250
2021-04-19 00:08:06.172000,4170.349,4169.654,2250,2250
2021-04-19 00:08:06.295000,4170.052,4169.64,2250,890
2021-04-19 00:08:06.346000,4170.046,4169.336,2250,2250
2021-04-19 00:08:09.739000,4170.264,4169.334,3610,3140
2021-04-19 00:08:09.790000,4170.246,4169.548,2250,2250
2021-04-19 00:08:09.900000,4170.352,4169.531,3610,3140
2021-04-19 00:08:09.950000,4170.364,4169.642,2250,2250
2021-04-19 00:08:10.220000,4170.055,4169.631,2250,890
2021-04-19 00:08:10.271000,4170.067,4169.336,2250,2250
2021-04-19 00:08:10.819000,4170.355,4169.337,3610,3140
2021-04-19 00:08:10.869000,4170.364,4169.699,2250,2250
2021-04-19 00:08:10.979000,4170.264,4169.634,2250,890
2021-04-19 00:08:11.029000,4170.255,4169.548,2250,2250
2021-04-19 00:08:11.299000,4170.358,4169.546,3610,3140
2021-04-19 00:08:11.349000,4170.349,4169.699,2250,2250
2021-04-19 00:08:11.459000,4170.055,4169.646,2250,890
2021-04-19 00:08:11.509000,4170.055,4169.345,2250,2250
2021-04-19 00:08:23.998000,4169.801,4169.151,2250,2250
2021-04-19 00:08:31.361000,4169.852,4168.631,3610,3140
2021-04-19 00:08:31.412000,4169.346,4168.633,2250,2250
2021-04-19 00:08:31.497000,4168.852,4168.652,2250,890
2021-04-19 00:08:31.547000,4168.861,4168.151,2250,2250
2021-04-19 00:08:31.653000,4169.061,4168.134,3610,3140
2021-04-19 00:08:31.703000,4169.049,4168.351,2250,2250
2021-04-19 00:08:34.055000,4168.852,4168.337,2250,890
2021-04-19 00:08:34.105000,4168.858,4168.139,2250,2250
2021-04-19 00:08:34.229000,4169.001,4168.348,2250,2250
2021-04-19 00:08:38.856000,4169.361,4168.34,3610,3140
2021-04-19 00:08:38.907000,4169.301,4168.699,2250,2250
2021-04-19 00:08:41.367000,4169.055,4168.64,2250,890
2021-04-19 00:08:41.418000,4169.064,4168.336,2250,2250
2021-04-19 00:08:46.676000,4169.352,4168.349,3610,3140
2021-04-19 00:08:46.727000,4169.358,4168.648,2250,2250
2021-04-19 00:08:46.830000,4169.061,4168.697,2250,890
2021-04-19 00:08:46.881000,4169.052,4168.345,2250,2250
2021-04-19 00:08:50.513000,4168.852,4168.334,2250,890
2021-04-19 00:08:50.563000,4168.846,4168.142,2250,2250
2021-04-19 00:08:50.832000,4169.052,4168.152,3610,3140
2021-04-19 00:08:50.883000,4169.058,4168.348,2250,2250
2021-04-19 00:08:56.182000,4169.267,4168.349,3610,3140
2021-04-19 00:08:56.233000,4169.258,4168.599,2250,2250
2021-04-19 00:08:56.381000,4169.064,4168.333,2250,2250
2021-04-19 00:08:59.353000,4169.349,4168.648,2250,2250
2021-04-19 00:09:02.396000,4169.558,4168.637,3610,3140
2021-04-19 00:09:02.446000,4169.561,4168.851,2250,2250
2021-04-19 00:09:06.530000,4169.849,4168.84,3610,3140
2021-04-19 00:09:06.580000,4169.858,4169.142,2250,2250
2021-04-19 00:09:13.692000,4170.058,4169.131,3610,3140
2021-04-19 00:09:13.742000,4170.058,4169.342,2250,2250
2021-04-19 00:09:24.137000,4170.367,4169.352,3610,3140
2021-04-19 00:09:24.187000,4170.349,4169.651,2250,2250
2021-04-19 00:09:31.969000,4170.555,4169.64,3610,3140
2021-04-19 00:09:32.019000,4170.558,4169.836,2250,2250
2021-04-19 00:09:43.799000,4170.346,4169.846,2250,890
2021-04-19 00:09:43.849000,4170.301,4169.639,2250,2250
2021-04-19 00:09:55.095000,4170.067,4169.634,2250,890
2021-04-19 00:09:55.146000,4170.052,4169.342,2250,2250
2021-04-19 00:09:56.823000,4170.346,4169.397,3610,3140
2021-04-19 00:09:56.874000,4170.352,4169.699,2250,2250
2021-04-19 00:09:58.994000,4170.067,4169.643,2250,890
2021-04-19 00:09:59.044000,4170.061,4169.342,2250,2250
2021-04-19 00:10:00.290000,4170.364,4169.331,3610,3140
2021-04-19 00:10:00.341000,4170.361,4169.699,2250,2250
2021-04-19 00:10:17.694000,4170.055,4169.336,2250,2250
2021-04-19 00:10:22.059000,4170.367,4169.397,3610,3140
2021-04-19 00:10:22.110000,4170.346,4169.636,2250,2250
2021-04-19 00:10:22.785000,4170.055,4169.646,2250,890
2021-04-19 00:10:22.835000,4170.049,4169.339,2250,2250
2021-04-19 00:10:24.751000,4170.361,4169.346,3610,3140
2021-04-19 00:10:24.801000,4170.361,4169.699,2250,2250
2021-04-19 00:10:26.064000,4170.052,4169.646,2250,890
2021-04-19 00:10:26.114000,4170.046,4169.345,2250,2250
2021-04-19 00:10:26.225000,4170.267,4169.331,3610,3140
2021-04-19 00:10:26.276000,4170.246,4169.533,2250,2250
2021-04-19 00:10:26.546000,4170.364,4169.549,3610,3140
2021-04-19 00:10:26.596000,4170.358,4169.639,2250,2250
2021-04-19 00:10:38.708000,4170.267,4169.637,2250,890
2021-04-19 00:10:38.758000,4170.255,4169.542,2250,2250
2021-04-19 00:10:38.881000,4170.267,4169.331,3610,3140
2021-04-19 00:10:38.931000,4170.067,4169.348,2250,2250
2021-04-19 00:10:39.199000,4170.355,4169.349,3610,3140
2021-04-19 00:10:39.250000,4170.364,4169.633,2250,2250
2021-04-19 00:10:41.845000,4170.246,4169.631,2250,890
2021-04-19 00:10:41.895000,4170.261,4169.599,2250,2250
2021-04-19 00:10:42.264000,4170.258,4169.649,2250,890
2021-04-19 00:10:42.314000,4170.349,4169.636,2250,2250
2021-04-19 00:10:55.989000,4170.546,4169.854,2250,2250
2021-04-19 00:10:57.058000,4170.455,4169.837,2250,890
2021-04-19 00:10:57.108000,4170.464,4169.742,2250,2250
2021-04-19 00:10:57.218000,4170.346,4169.651,2250,2250
2021-04-19 00:11:01.482000,4170.501,4169.64,3610,3140
2021-04-19 00:11:01.533000,4170.552,4169.836,2250,2250
2021-04-19 00:11:02.985000,4170.364,4169.834,2250,890
2021-04-19 00:11:03.036000,4170.352,4169.639,2250,2250
2021-04-19 00:11:10.741000,4170.552,4169.64,3610,3140
2021-04-19 00:11:10.792000,4170.567,4169.899,2250,2250
2021-04-19 00:11:31.381000,4170.355,4169.849,2250,890
2021-04-19 00:11:31.431000,4170.346,4169.699,2250,2250
2021-04-19 00:11:35.278000,4170.561,4169.899,2250,2250
2021-04-19 00:11:43.134000,4170.358,4169.852,2250,890
2021-04-19 00:11:43.185000,4170.358,4169.636,2250,2250
2021-04-19 00:11:47.063000,4170.558,4169.64,3610,3140
2021-04-19 00:11:47.114000,4170.555,4169.833,2250,2250
2021-04-19 00:11:57.220000,4170.755,4169.837,3610,3140
2021-04-19 00:11:57.270000,4170.752,4170.048,2250,2250
2021-04-19 00:11:57.397000,4170.561,4169.851,2250,2250
2021-04-19 00:11:58.275000,4170.749,4169.84,3610,3140
2021-04-19 00:11:58.325000,4170.758,4170.099,2250,2250
2021-04-19 00:11:58.434000,4170.849,4170.052,3610,3140
2021-04-19 00:11:58.484000,4170.861,4170.136,2250,2250
2021-04-19 00:12:01.434000,4171.064,4170.137,3610,3140
2021-04-19 00:12:01.485000,4171.055,4170.354,2250,2250
2021-04-19 00:12:02.131000,4170.855,4170.331,2250,890
2021-04-19 00:12:02.181000,4170.852,4170.154,2250,2250
2021-04-19 00:12:02.453000,4171.055,4170.146,3610,3140
2021-04-19 00:12:02.503000,4171.055,4170.333,2250,2250
2021-04-19 00:12:04.550000,4171.367,4170.337,3610,3140
2021-04-19 00:12:04.600000,4171.301,4170.645,2250,2250
2021-04-19 00:12:21.871000,4171.552,4170.643,3610,3140
2021-04-19 00:12:21.922000,4171.546,4170.845,2250,2250
2021-04-19 00:12:22.543000,4171.346,4170.849,2250,890
2021-04-19 00:12:22.593000,4171.355,4170.648,2250,2250
2021-04-19 00:12:38.128000,4171.046,4170.646,2250,890
2021-04-19 00:12:38.179000,4171.067,4170.339,2250,2250
2021-04-19 00:12:44.272000,4171.358,4170.645,2250,2250
2021-04-19 00:12:46.078000,4171.055,4170.345,2250,2250
2021-04-19 00:12:47.100000,4171.349,4170.334,3610,3140
2021-04-19 00:12:47.150000,4171.361,4170.633,2250,2250
2021-04-19 00:12:52.797000,4171.061,4170.697,2250,890
2021-04-19 00:12:52.847000,4171.049,4170.351,2250,2250
2021-04-19 00:13:00.129000,4171.355,4170.337,3610,3140
2021-04-19 00:13:00.180000,4171.301,4170.642,2250,2250
2021-04-19 00:13:00.452000,4171.258,4170.631,2250,890
2021-04-19 00:13:00.502000,4171.201,4170.548,2250,2250
2021-04-19 00:13:00.610000,4171.049,4170.531,2250,890
2021-04-19 00:13:00.661000,4171.049,4170.339,2250,2250
2021-04-19 00:13:01.196000,4171.358,4170.346,3610,3140
2021-04-19 00:13:01.246000,4171.361,4170.636,2250,2250
2021-04-19 00:13:02.430000,4171.049,4170.342,2250,2250
2021-04-19 00:13:02.873000,4171.301,4170.397,3610,3140
2021-04-19 00:13:02.923000,4171.361,4170.651,2250,2250
2021-04-19 00:13:03.512000,4171.252,4170.652,2250,890
2021-04-19 00:13:03.562000,4171.249,4170.533,2250,2250
2021-04-19 00:13:03.831000,4171.064,4170.546,2250,890
2021-04-19 00:13:03.881000,4171.055,4170.348,2250,2250
2021-04-19 00:13:09.203000,4171.252,4170.397,3610,3140
2021-04-19 00:13:09.253000,4171.258,4170.599,2250,2250
2021-04-19 00:13:10.255000,4171.367,4170.534,3610,3140
2021-04-19 00:13:10.305000,4171.367,4170.654,2250,2250
2021-04-19 00:13:10.416000,4171.061,4170.637,2250,890
2021-04-19 00:13:10.466000,4171.049,4170.351,2250,2250
2021-04-19 00:13:19.033000,4171.352,4170.337,3610,3140
2021-04-19 00:13:19.083000,4171.349,4170.639,2250,2250
2021-04-19 00:13:23.008000,4171.564,4170.697,3610,3140
2021-04-19 00:13:23.058000,4171.501,4170.833,2250,2250
2021-04-19 00:13:23.991000,4171.352,4170.834,2250,890
2021-04-19 00:13:24.042000,4171.346,4170.648,2250,2250
2021-04-19 00:13:33.698000,4171.552,4170.634,3610,3140
2021-04-19 00:13:33.748000,4171.558,4170.848,2250,2250
2021-04-19 00:13:41.644000,4171.361,4170.849,2250,890
2021-04-19 00:13:41.694000,4171.364,4170.636,2250,2250
2021-04-19 00:14:01.033000,4171.549,4170.637,3610,3140
2021-04-19 00:14:01.084000,4171.564,4170.842,2250,2250
2021-04-19 00:14:21.832000,4171.801,4170.846,3610,3140
2021-04-19 00:14:21.882000,4171.849,4171.145,2250,2250
2021-04-19 00:14:21.996000,4171.558,4171.146,2250,890
2021-04-19 00:14:22.047000,4171.549,4170.848,2250,2250
2021-04-19 00:14:22.159000,4171.855,4171.148,2250,2250
2021-04-19 00:14:23.205000,4171.564,4171.134,2250,890
2021-04-19 00:14:23.255000,4171.561,4170.833,2250,2250
2021-04-19 00:14:42.042000,4171.361,4170.831,2250,890
2021-04-19 00:14:42.093000,4171.346,4170.645,2250,2250
2021-04-19 00:14:42.466000,4171.246,4170.631,2250,890
2021-04-19 00:14:42.516000,4171.249,4170.539,2250,2250
2021-04-19 00:14:42.913000,4171.046,4170.552,2250,890
2021-04-19 00:14:42.963000,4171.055,4170.354,2250,2250
2021-04-19 00:14:43.425000,4171.301,4170.334,3610,3140
2021-04-19 00:14:43.475000,4171.364,4170.654,2250,2250
2021-04-19 00:14:44.225000,4171.255,4170.697,2250,890
2021-04-19 00:14:44.275000,4171.201,4170.539,2250,2250
2021-04-19 00:14:44.546000,4171.352,4170.543,3610,3140
2021-04-19 00:14:44.596000,4171.346,4170.633,2250,2250
2021-04-19 00:14:56.325000,4171.001,4170.631,2250,890
2021-04-19 00:14:56.376000,4171.064,4170.345,2250,2250
2021-04-19 00:14:57.358000,4171.355,4170.331,3610,3140
2021-04-19 00:14:57.409000,4171.301,4170.651,2250,2250
2021-04-19 00:15:02.022000,4171.001,4170.631,2250,890
2021-04-19 00:15:02.073000,4171.058,4170.345,2250,2250
2021-04-19 00:15:07.216000,4170.849,4170.34,2250,890
2021-04-19 00:15:07.266000,4170.858,4170.142,2250,2250
2021-04-19 00:15:07.384000,4171.001,4170.143,3610,3140
2021-04-19 00:15:07.434000,4171.055,4170.333,2250,2250
2021-04-19 00:15:08.214000,4170.949,4170.352,2250,890
2021-04-19 00:15:08.265000,4170.967,4170.248,2250,2250
2021-04-19 00:15:08.375000,4171.049,4170.237,3610,3140
2021-04-19 00:15:08.425000,4171.061,4170.399,2250,2250
2021-04-19 00:15:09.687000,4170.801,4170.346,2250,890
2021-04-19 00:15:09.738000,4170.864,4170.145,2250,2250
2021-04-19 00:15:10.005000,4171.046,4170.131,3610,3140
2021-04-19 00:15:10.055000,4171.067,4170.399,2250,2250
2021-04-19 00:15:28.069000,4171.352,4170.331,3610,3140
2021-04-19 00:15:28.119000,4171.352,4170.639,2250,2250
2021-04-19 00:15:30.043000,4171.049,4170.646,2250,890
2021-04-19 00:15:30.094000,4171.058,4170.342,2250,2250
2021-04-19 00:15:31.123000,4171.358,4170.343,3610,3140
2021-04-19 00:15:31.173000,4171.301,4170.642,2250,2250
2021-04-19 00:15:51.446000,4171.567,4170.646,3610,3140
2021-04-19 00:15:51.496000,4171.546,4170.848,2250,2250
2021-04-19 00:16:09.079000,4171.358,4170.84,2250,890
2021-04-19 00:16:09.130000,4171.361,4170.651,2250,2250
2021-04-19 00:16:11.490000,4171.552,4170.646,3610,3140
2021-04-19 00:16:11.540000,4171.555,4170.854,2250,2250
2021-04-19 00:16:20.538000,4171.352,4170.831,2250,890
2021-04-19 00:16:20.589000,4171.355,4170.648,2250,2250
2021-04-19 00:16:22.635000,4171.552,4170.64,3610,3140
2021-04-19 00:16:22.685000,4171.555,4170.836,2250,2250
2021-04-19 00:16:23.388000,4171.367,4170.897,2250,890
2021-04-19 00:16:23.438000,4171.358,4170.651,2250,2250
2021-04-19 00:16:23.548000,4171.452,4170.649,3610,3140
2021-04-19 00:16:23.598000,4171.458,4170.748,2250,2250
2021-04-19 00:16:24.278000,4171.558,4170.746,3610,3140
2021-04-19 00:16:24.328000,4171.549,4170.842,2250,2250
2021-04-19 00:16:29.136000,4171.864,4170.834,3610,3140
2021-04-19 00:16:29.187000,4171.801,4171.199,2250,2250
2021-04-19 00:16:29.307000,4171.567,4170.836,2250,2250
2021-04-19 00:16:30.777000,4171.855,4170.843,3610,3140
2021-04-19 00:16:30.828000,4171.846,4171.136,2250,2250
2021-04-19 00:16:30.956000,4171.567,4170.833,2250,2250
2021-04-19 00:16:48.784000,4171.349,4170.837,2250,890
2021-04-19 00:16:48.834000,4171.358,4170.639,2250,2250
2021-04-19 00:16:49.945000,4171.561,4170.643,3610,3140
2021-04-19 00:16:49.995000,4171.555,4170.845,2250,2250
2021-04-19 00:17:07.265000,4171.846,4171.199,2250,2250
2021-04-19 00:17:11.563000,4171.758,4171.099,2250,2250
2021-04-19 00:17:11.942000,4171.552,4171.037,2250,890
2021-04-19 00:17:11.993000,4171.501,4170.833,2250,2250
2021-04-19 00:17:16.556000,4171.764,4170.84,3610,3140
2021-04-19 00:17:16.606000,4171.749,4171.036,2250,2250
2021-04-19 00:17:16.707000,4171.501,4171.097,2250,890
2021-04-19 00:17:16.758000,4171.564,4170.848,2250,2250
2021-04-19 00:17:17.669000,4171.846,4170.831,3610,3140
2021-04-19 00:17:17.720000,4171.867,4171.136,2250,2250
2021-04-19 00:17:18.331000,4171.567,4171.14,2250,890
2021-04-19 00:17:18.381000,4171.549,4170.842,2250,2250
2021-04-19 00:17:35.384000,4171.801,4170.897,3610,3140
2021-04-19 00:17:35.434000,4171.849,4171.199,2250,2250
2021-04-19 00:17:49.731000,4172.064,4171.137,3610,3140
2021-04-19 00:17:49.781000,4172.049,4171.345,2250,2250
2021-04-19 00:17:51.747000,4171.852,4171.343,2250,890
2021-04-19 00:17:51.797000,4171.801,4171.151,2250,2250
2021-04-19 00:18:09.361000,4172.067,4171.14,3610,3140
2021-04-19 00:18:09.412000,4172.058,4171.351,2250,2250
2021-04-19 00:18:33.627000,4171.801,4171.199,2250,2250
2021-04-19 00:18:35.606000,4171.564,4170.851,2250,2250
2021-04-19 00:18:36.317000,4171.867,4170.849,3610,3140
2021-04-19 00:18:36.367000,4171.861,4171.151,2250,2250
2021-04-19 00:18:44.353000,4171.546,4171.146,2250,890
2021-04-19 00:18:44.404000,4171.549,4170.842,2250,2250
2021-04-19 00:18:48.273000,4171.801,4171.148,2250,2250
2021-04-19 00:19:00.425000,4171.567,4170.851,2250,2250
2021-04-19 00:19:09.893000,4171.364,4170.834,2250,890
2021-04-19 00:19:09.943000,4171.367,4170.636,2250,2250
2021-04-19 00:19:14.799000,4171.052,4170.646,2250,890
2021-04-19 00:19:14.849000,4171.049,4170.351,2250,2250
2021-04-19 00:19:15.172000,4171.361,4170.349,3610,3140
2021-04-19 00:19:15.223000,4171.361,4170.636,2250,2250
2021-04-19 00:19:40.297000,4171.555,4170.643,3610,3140
2021-04-19 00:19:40.347000,4171.558,4170.851,2250,2250
2021-04-19 00:19:51.843000,4171.855,4170.837,3610,3140
2021-04-19 00:19:51.893000,4171.852,4171.133,2250,2250
2021-04-19 00:20:00.956000,4171.546,4171.197,2250,890
2021-04-19 00:20:01.007000,4171.558,4170.845,2250,2250
2021-04-19 00:20:05.313000,4171.864,4170.846,3610,3140
2021-04-19 00:20:05.363000,4171.858,4171.142,2250,2250
2021-04-19 00:20:08.697000,4171.561,4171.149,2250,890
2021-04-19 00:20:08.747000,4171.555,4170.839,2250,2250
2021-04-19 00:20:09.156000,4171.852,4170.846,3610,3140
2021-04-19 00:20:09.207000,4171.858,4171.145,2250,2250
2021-04-19 00:20:09.495000,4171.561,4171.146,2250,890
2021-04-19 00:20:09.546000,4171.501,4170.848,2250,2250
2021-04-19 00:21:36.054000,4171.861,4170.849,3610,3140
2021-04-19 00:21:36.105000,4171.861,4171.151,2250,2250
2021-04-19 00:22:04.790000,4171.549,4171.146,2250,890
2021-04-19 00:22:04.841000,4171.558,4170.842,2250,2250
2021-04-19 00:22:05.435000,4171.852,4170.831,3610,3140
2021-04-19 00:22:05.486000,4171.864,4171.145,2250,2250
2021-04-19 00:22:13.146000,4171.552,4171.14,2250,890
2021-04-19 00:22:13.198000,4171.546,4170.899,2250,2250
2021-04-19 00:22:34.320000,4171.364,4170.843,2250,890
2021-04-19 00:22:34.370000,4171.346,4170.645,2250,2250
2021-04-19 00:22:42.623000,4171.055,4170.354,2250,2250
2021-04-19 00:22:42.777000,4171.355,4170.337,3610,3140
2021-04-19 00:22:42.828000,4171.352,4170.633,2250,2250
2021-04-19 00:22:45.372000,4171.064,4170.646,2250,890
2021-04-19 00:22:45.422000,4171.058,4170.354,2250,2250
2021-04-19 00:22:47.395000,4171.349,4170.352,3610,3140
2021-04-19 00:22:47.446000,4171.355,4170.651,2250,2250
2021-04-19 00:23:00.870000,4171.058,4170.652,2250,890
2021-04-19 00:23:00.920000,4171.061,4170.348,2250,2250
2021-04-19 00:23:01.493000,4171.364,4170.346,3610,3140
2021-04-19 00:23:01.543000,4171.349,4170.699,2250,2250
2021-04-19 00:23:01.652000,4171.058,4170.649,2250,890
2021-04-19 00:23:01.702000,4171.064,4170.339,2250,2250
2021-04-19 00:23:12.729000,4171.367,4170.397,3610,3140
2021-04-19 00:23:12.780000,4171.346,4170.699,2250,2250
2021-04-19 00:23:22.041000,4171.067,4170.649,2250,890
2021-04-19 00:23:22.092000,4171.058,4170.348,2250,2250
2021-04-19 00:23:24.966000,4171.364,4170.349,3610,3140
2021-04-19 00:23:25.016000,4171.358,4170.654,2250,2250
2021-04-19 00:23:25.127000,4171.249,4170.643,2250,890
2021-04-19 00:23:25.177000,4171.252,4170.542,2250,2250
2021-04-19 00:23:25.285000,4171.349,4170.543,3610,3140
2021-04-19 00:23:25.335000,4171.361,4170.645,2250,2250
2021-04-19 00:23:26.982000,4171.061,4170.643,2250,890
2021-04-19 00:23:27.032000,4171.001,4170.348,2250,2250
2021-04-19 00:23:40.748000,4171.355,4170.699,2250,2250
2021-04-19 00:24:12.460000,4171.061,4170.637,2250,890
2021-04-19 00:24:12.510000,4171.052,4170.333,2250,2250
2021-04-19 00:25:00.938000,4171.361,4170.352,3610,3140
2021-04-19 00:25:00.989000,4171.364,4170.651,2250,2250
2021-04-19 00:25:09.587000,4171.546,4170.845,2250,2250
2021-04-19 00:25:14.722000,4171.801,4170.849,3610,3140
2021-04-19 00:25:14.772000,4171.861,4171.133,2250,2250
2021-04-19 00:25:26.533000,4171.564,4171.149,2250,890
2021-04-19 00:25:26.583000,4171.546,4170.839,2250,2250
2021-04-19 00:25:32.713000,4171.558,4171.131,2250,890
2021-04-19 00:25:32.764000,4171.858,4171.139,2250,2250
2021-04-19 00:25:33.226000,4171.758,4171.143,2250,890
2021-04-19 00:25:33.277000,4171.752,4171.033,2250,2250
2021-04-19 00:25:33.392000,4171.549,4171.043,2250,890
2021-04-19 00:25:33.443000,4171.558,4170.842,2250,2250
2021-04-19 00:25:38.119000,4171.855,4170.852,3610,3140
2021-04-19 00:25:38.169000,4171.855,4171.145,2250,2250
2021-04-19 00:25:42.098000,4171.501,4171.137,2250,890
2021-04-19 00:25:42.149000,4171.501,4170.899,2250,2250
2021-04-19 00:25:58.013000,4171.855,4170.837,3610,3140
2021-04-19 00:25:58.064000,4171.855,4171.133,2250,2250
2021-04-19 00:25:58.774000,4171.567,4170.839,2250,2250
2021-04-19 00:26:04.509000,4171.861,4170.84,3610,3140
2021-04-19 00:26:04.560000,4171.864,4171.145,2250,2250
2021-04-19 00:27:35.767000,4172.067,4171.14,3610,3140
2021-04-19 00:27:35.818000,4172.067,4171.336,2250,2250
2021-04-19 00:27:41.482000,4171.864,4171.346,2250,890
2021-04-19 00:27:41.533000,4171.861,4171.139,2250,2250
2021-04-19 00:27:45.764000,4172.055,4171.146,3610,3140
2021-04-19 00:27:45.814000,4172.055,4171.351,2250,2250
2021-04-19 00:28:03.349000,4171.801,4171.145,2250,2250
2021-04-19 00:28:22.162000,4171.901,4171.245,2250,2250
2021-04-19 00:28:22.290000,4171.849,4171.249,2250,890
2021-04-19 00:28:22.341000,4171.867,4171.139,2250,2250
2021-04-19 00:28:28.763000,4172.049,4171.345,2250,2250
2021-04-19 00:28:30.363000,4171.855,4171.334,2250,890
2021-04-19 00:28:30.413000,4171.849,4171.145,2250,2250
2021-04-19 00:29:37.315000,4172.046,4171.149,3610,3140
2021-04-19 00:29:37.365000,4172.061,4171.354,2250,2250
2021-04-19 00:29:44.466000,4171.849,4171.397,2250,890
2021-04-19 00:29:44.516000,4171.852,4171.199,2250,2250
2021-04-19 00:30:06.884000,4171.552,4170.848,2250,2250
2021-04-19 00:30:07.890000,4171.861,4170.837,3610,3140
2021-04-19 00:30:07.941000,4171.852,4171.148,2250,2250
2021-04-19 00:30:08.210000,4171.555,4171.134,2250,890
2021-04-19 00:30:08.260000,4171.501,4170.851,2250,2250
2021-04-19 00:30:26.459000,4171.801,4170.837,3610,3140
2021-04-19 00:30:26.510000,4171.849,4171.133,2250,2250
2021-04-19 00:30:31.801000,4171.501,4171.152,2250,890
2021-04-19 00:30:31.851000,4171.558,4170.899,2250,2250
2021-04-19 00:30:46.494000,4171.346,4170.642,2250,2250
2021-04-19 00:30:51.778000,4171.046,4170.348,2250,2250
2021-04-19 00:31:19.946000,4170.861,4170.343,2250,890
2021-04-19 00:31:19.996000,4170.849,4170.154,2250,2250
2021-04-19 00:31:27.581000,4171.049,4170.137,3610,3140
2021-04-19 00:31:27.631000,4171.058,4170.336,2250,2250
2021-04-19 00:31:40.567000,4171.301,4170.349,3610,3140
2021-04-19 00:31:40.617000,4171.352,4170.648,2250,2250
2021-04-19 00:31:50.453000,4171.561,4170.634,3610,3140
2021-04-19 00:31:50.504000,4171.567,4170.848,2250,2250
2021-04-19 00:31:53.290000,4171.301,4170.834,2250,890
2021-04-19 00:31:53.340000,4171.364,4170.648,2250,2250
2021-04-19 00:31:53.451000,4171.467,4170.697,3610,3140
2021-04-19 00:31:53.502000,4171.455,4170.754,2250,2250
2021-04-19 00:31:54.260000,4171.549,4170.749,3610,3140
2021-04-19 00:31:54.310000,4171.564,4170.833,2250,2250
2021-04-19 00:31:56.160000,4171.349,4170.834,2250,890
2021-04-19 00:31:56.211000,4171.361,4170.636,2250,2250
2021-04-19 00:31:58.059000,4171.567,4170.634,3610,3140
2021-04-19 00:31:58.109000,4171.561,4170.848,2250,2250
2021-04-19 00:32:00.562000,4171.855,4170.897,3610,3140
2021-04-19 00:32:00.612000,4171.855,4171.199,2250,2250
2021-04-19 00:32:03.788000,4172.058,4171.137,3610,3140
2021-04-19 00:32:03.839000,4172.058,4171.354,2250,2250
2021-04-19 00:32:12.905000,4172.361,4171.346,3610,3140
2021-04-19 00:32:12.955000,4172.352,4171.636,2250,2250
2021-04-19 00:32:24.889000,4172.561,4171.899,2250,2250
2021-04-19 00:32:25.219000,4172.301,4171.636,2250,2250
2021-04-19 00:32:26.390000,4172.567,4171.637,3610,3140
2021-04-19 00:32:26.441000,4172.546,4171.854,2250,2250
2021-04-19 00:32:29.655000,4172.346,4171.84,2250,890
2021-04-19 00:32:29.705000,4172.358,4171.651,2250,2250
2021-04-19 00:32:30.294000,4172.567,4171.643,3610,3140
2021-04-19 00:32:30.345000,4172.546,4171.839,2250,2250
2021-04-19 00:32:49.795000,4172.364,4171.849,2250,890
2021-04-19 00:32:49.846000,4172.352,4171.651,2250,2250
2021-04-19 00:32:50.436000,4172.546,4171.643,3610,3140
2021-04-19 00:32:50.487000,4172.561,4171.839,2250,2250
2021-04-19 00:32:56.439000,4172.855,4171.831,3610,3140
2021-04-19 00:32:56.489000,4172.864,4172.199,2250,2250
2021-04-19 00:33:04.509000,4173.055,4172.399,2250,2250
2021-04-19 00:33:22.335000,4173.364,4172.648,2250,2250
2021-04-19 00:33:27.464000,4173.564,4172.652,3610,3140
2021-04-19 00:33:27.515000,4173.501,4172.845,2250,2250
2021-04-19 00:33:31.641000,4173.358,4172.84,2250,890
2021-04-19 00:33:31.692000,4173.346,4172.699,2250,2250
2021-04-19 00:33:32.337000,4173.501,4172.634,3610,3140
2021-04-19 00:33:32.388000,4173.561,4172.842,2250,2250
2021-04-19 00:33:35.375000,4173.358,4172.849,2250,890
2021-04-19 00:33:35.425000,4173.358,4172.648,2250,2250
2021-04-19 00:33:55.572000,4173.046,4172.652,2250,890
2021-04-19 00:33:55.622000,4173.046,4172.399,2250,2250
2021-04-19 00:33:55.732000,4173.352,4172.349,3610,3140
2021-04-19 00:33:55.782000,4173.355,4172.645,2250,2250
2021-04-19 00:33:56.054000,4173.067,4172.637,2250,890
2021-04-19 00:33:56.105000,4173.067,4172.351,2250,2250
2021-04-19 00:34:02.613000,4173.361,4172.639,2250,2250
2021-04-19 00:34:03.185000,4173.046,4172.646,2250,890
2021-04-19 00:34:03.235000,4173.001,4172.354,2250,2250
2021-04-19 00:34:17.164000,4172.846,4172.349,2250,890
2021-04-19 00:34:17.218000,4172.801,4172.133,2250,2250
2021-04-19 00:34:20.694000,4172.852,4171.846,3610,3140
2021-04-19 00:34:20.745000,4172.549,4171.836,2250,2250
2021-04-19 00:34:22.357000,4172.861,4171.897,3610,3140
2021-04-19 00:34:22.408000,4172.864,4172.136,2250,2250
2021-04-19 00:34:34.132000,4172.755,4172.143,2250,890
2021-04-19 00:34:34.183000,4172.752,4172.099,2250,2250
2021-04-19 00:34:34.454000,4172.849,4172.046,3610,3140
2021-04-19 00:34:34.505000,4172.846,4172.145,2250,2250
2021-04-19 00:34:38.191000,4172.561,4172.134,2250,890
2021-04-19 00:34:38.242000,4172.552,4171.848,2250,2250
2021-04-19 00:34:38.350000,4172.746,4171.837,3610,3140
2021-04-19 00:34:38.400000,4172.764,4172.051,2250,2250
2021-04-19 00:34:39.167000,4172.555,4172.046,2250,890
2021-04-19 00:34:39.218000,4172.561,4171.839,2250,2250
2021-04-19 00:34:39.323000,4172.846,4171.897,3610,3140
2021-04-19 00:34:39.373000,4172.864,4172.136,2250,2250
2021-04-19 00:34:39.962000,4172.701,4172.152,2250,890
2021-04-19 00:34:40.013000,4172.764,4172.036,2250,2250
2021-04-19 00:34:40.249000,4172.867,4172.046,3610,3140
2021-04-19 00:34:40.300000,4172.867,4172.148,2250,2250
2021-04-19 00:35:02.399000,4172.764,4172.197,2250,890
2021-04-19 00:35:02.449000,4172.764,4172.036,2250,2250
2021-04-19 00:35:02.615000,4172.855,4172.037,3610,3140
2021-04-19 00:35:02.665000,4172.861,4172.136,2250,2250
2021-04-19 00:35:07.970000,4172.558,4171.899,2250,2250
2021-04-19 00:35:08.502000,4172.767,4171.852,3610,3140
2021-04-19 00:35:08.552000,4172.749,4172.054,2250,2250
2021-04-19 00:35:08.662000,4172.549,4172.052,2250,890
2021-04-19 00:35:08.712000,4172.555,4171.836,2250,2250
2021-04-19 00:35:11.814000,4172.364,4171.837,2250,890
2021-04-19 00:35:11.864000,4172.364,4171.648,2250,2250
2021-04-19 00:35:12.138000,4172.561,4171.634,3610,3140
2021-04-19 00:35:12.188000,4172.567,4171.839,2250,2250
2021-04-19 00:35:30.786000,4172.301,4171.837,2250,890
2021-04-19 00:35:30.837000,4172.358,4171.642,2250,2250
2021-04-19 00:35:35.707000,4172.549,4171.649,3610,3140
2021-04-19 00:35:35.758000,4172.555,4171.854,2250,2250
2021-04-19 00:35:35.869000,4172.464,4171.849,2250,890
2021-04-19 00:35:35.919000,4172.455,4171.751,2250,2250
2021-04-19 00:35:36.027000,4172.346,4171.743,2250,890
2021-04-19 00:35:36.077000,4172.364,4171.633,2250,2250
2021-04-19 00:35:59.352000,4172.067,4171.649,2250,890
2021-04-19 00:35:59.402000,4172.046,4171.336,2250,2250
2021-04-19 00:36:00.258000,4172.261,4171.343,3610,3140
2021-04-19 00:36:00.308000,4172.252,4171.536,2250,2250
2021-04-19 00:36:00.418000,4172.358,4171.543,3610,3140
2021-04-19 00:36:00.468000,4172.367,4171.645,2250,2250
2021-04-19 00:36:05.830000,4172.061,4171.652,2250,890
2021-04-19 00:36:05.881000,4172.058,4171.336,2250,2250
2021-04-19 00:36:06.469000,4172.267,4171.397,3610,3140
2021-04-19 00:36:06.520000,4172.252,4171.539,2250,2250
2021-04-19 00:36:06.630000,4172.349,4171.552,3610,3140
2021-04-19 00:36:06.680000,4172.355,4171.636,2250,2250
2021-04-19 00:36:10.970000,4172.552,4171.631,3610,3140
2021-04-19 00:36:11.020000,4172.501,4171.833,2250,2250
2021-04-19 00:36:14.887000,4172.855,4171.846,3610,3140
2021-04-19 00:36:14.937000,4172.855,4172.199,2250,2250
2021-04-19 00:36:21.493000,4173.064,4172.149,3610,3140
2021-04-19 00:36:21.543000,4173.001,4172.342,2250,2250
2021-04-19 00:36:39.470000,4173.346,4172.34,3610,3140
2021-04-19 00:36:39.520000,4173.358,4172.636,2250,2250
2021-04-19 00:36:55.203000,4173.067,4172.631,2250,890
2021-04-19 00:36:55.253000,4173.061,4172.399,2250,2250
2021-04-19 00:37:15.573000,4172.861,4172.349,2250,890
2021-04-19 00:37:15.623000,4172.852,4172.199,2250,2250
2021-04-19 00:37:30.851000,4172.846,4172.634,2250,890
2021-04-19 00:37:30.901000,4173.367,4172.654,2250,2250
2021-04-19 00:37:37.645000,4173.561,4172.839,2250,2250
2021-04-19 00:37:49.683000,4173.355,4172.834,2250,890
2021-04-19 00:37:49.734000,4173.358,4172.639,2250,2250
2021-04-19 00:37:51.662000,4173.546,4172.649,3610,3140
2021-04-19 00:37:51.712000,4173.546,4172.839,2250,2250
2021-04-19 00:38:01.570000,4173.364,4172.897,2250,890
2021-04-19 00:38:01.620000,4173.346,4172.651,2250,2250
2021-04-19 00:38:03.628000,4173.546,4172.845,2250,2250
2021-04-19 00:38:04.063000,4173.346,4172.846,2250,890
2021-04-19 00:38:04.114000,4173.346,4172.651,2250,2250
2021-04-19 00:38:04.224000,4173.546,4172.649,3610,3140
2021-04-19 00:38:04.274000,4173.501,4172.836,2250,2250
2021-04-19 00:38:08.835000,4173.455,4172.897,2250,890
2021-04-19 00:38:08.885000,4173.467,4172.751,2250,2250
2021-04-19 00:38:09.099000,4173.355,4172.731,2250,890
2021-04-19 00:38:09.149000,4173.355,4172.651,2250,2250
2021-04-19 00:38:10.818000,4173.501,4172.634,3610,3140
2021-04-19 00:38:10.868000,4173.558,4172.836,2250,2250
2021-04-19 00:38:35.109000,4173.455,4172.846,2250,890
2021-04-19 00:38:35.159000,4173.461,4172.733,2250,2250
2021-04-19 00:38:35.315000,4173.352,4172.648,2250,2250
2021-04-19 00:38:37.228000,4173.458,4172.652,3610,3140
2021-04-19 00:38:37.278000,4173.452,4172.745,2250,2250
2021-04-19 00:38:37.387000,4173.567,4172.752,3610,3140
2021-04-19 00:38:37.437000,4173.555,4172.851,2250,2250
2021-04-19 00:38:37.843000,4173.401,4172.897,2250,890
2021-04-19 00:38:37.893000,4173.467,4172.736,2250,2250
2021-04-19 00:38:38.677000,4173.364,4172.734,2250,890
2021-04-19 00:38:38.727000,4173.352,4172.648,2250,2250
2021-04-19 00:38:46.003000,4173.201,4172.637,2250,890
2021-04-19 00:38:46.054000,4173.267,4172.554,2250,2250
2021-04-19 00:38:46.207000,4173.064,4172.351,2250,2250
2021-04-19 00:38:46.866000,4173.346,4172.699,2250,2250
2021-04-19 00:38:47.196000,4173.046,4172.399,2250,2250
2021-04-19 00:38:47.526000,4173.346,4172.642,2250,2250
2021-04-19 00:39:02.852000,4173.001,4172.637,2250,890
2021-04-19 00:39:02.902000,4173.055,4172.339,2250,2250
2021-04-19 00:39:06.104000,4173.355,4172.346,3610,3140
2021-04-19 00:39:06.155000,4173.355,4172.654,2250,2250
2021-04-19 00:39:54.363000,4173.567,4172.64,3610,3140
2021-04-19 00:39:54.413000,4173.546,4172.839,2250,2250
2021-04-19 00:39:56.699000,4173.364,4172.849,2250,890
2021-04-19 00:39:56.750000,4173.355,4172.639,2250,2250
2021-04-19 00:40:04.253000,4173.501,4172.631,3610,3140
2021-04-19 00:40:04.303000,4173.552,4172.839,2250,2250
2021-04-19 00:40:12.291000,4173.467,4172.837,2250,890
2021-04-19 00:40:12.341000,4173.461,4172.799,2250,2250
2021-04-19 00:40:12.752000,4173.364,4172.749,2250,890
2021-04-19 00:40:12.803000,4173.301,4172.651,2250,2250
2021-04-19 00:40:49.513000,4173.055,4172.64,2250,890
2021-04-19 00:40:49.563000,4173.055,4172.399,2250,2250
2021-04-19 00:40:54.408000,4173.346,4172.334,3610,3140
2021-04-19 00:40:54.459000,4173.349,4172.636,2250,2250
2021-04-19 00:41:40.845000,4173.058,4172.354,2250,2250
2021-04-19 00:42:05.817000,4173.367,4172.346,3610,3140
2021-04-19 00:42:05.867000,4173.355,4172.654,2250,2250
2021-04-19 00:42:06.264000,4173.067,4172.339,2250,2250
2021-04-19 00:42:18.966000,4172.867,4172.352,2250,890
2021-04-19 00:42:19.016000,4172.858,4172.154,2250,2250
2021-04-19 00:42:59.359000,4172.501,4172.143,2250,890
2021-04-19 00:42:59.409000,4172.549,4171.836,2250,2250
2021-04-19 00:43:01.785000,4172.764,4171.849,3610,3140
2021-04-19 00:43:01.835000,4172.761,4172.051,2250,2250
2021-04-19 00:43:01.944000,4172.501,4172.04,2250,890
2021-04-19 00:43:01.995000,4172.501,4171.836,2250,2250
2021-04-19 00:43:03.540000,4172.746,4171.831,3610,3140
2021-04-19 00:43:03.591000,4172.758,4172.033,2250,2250
2021-04-19 00:43:03.729000,4172.867,4172.151,2250,2250
2021-04-19 00:43:09.602000,4172.746,4172.137,2250,890
2021-04-19 00:43:09.652000,4172.749,4172.099,2250,2250
2021-04-19 00:43:10.832000,4172.555,4172.043,2250,890
2021-04-19 00:43:10.882000,4172.558,4171.845,2250,2250
2021-04-19 00:43:11.320000,4172.858,4172.145,2250,2250
2021-04-19 00:43:19.161000,4172.501,4172.137,2250,890
2021-04-19 00:43:19.212000,4172.552,4171.899,2250,2250
2021-04-19 00:43:23.222000,4172.764,4171.849,3610,3140
2021-04-19 00:43:23.272000,4172.755,4172.033,2250,2250
2021-04-19 00:43:23.381000,4172.849,4172.043,3610,3140
2021-04-19 00:43:23.431000,4172.852,4172.142,2250,2250
2021-04-19 00:43:36.837000,4172.949,4172.134,3610,3140
2021-04-19 00:43:36.887000,4172.967,4172.233,2250,2250
2021-04-19 00:43:37.153000,4173.001,4172.234,3610,3140
2021-04-19 00:43:37.203000,4173.052,4172.399,2250,2250
2021-04-19 00:43:37.314000,4172.864,4172.349,2250,890
2021-04-19 00:43:37.364000,4172.861,4172.139,2250,2250
2021-04-19 00:43:46.768000,4172.964,4172.197,3610,3140
2021-04-19 00:43:46.818000,4172.958,4172.299,2250,2250
2021-04-19 00:43:47.169000,4172.867,4172.237,2250,890
2021-04-19 00:43:47.220000,4172.801,4172.154,2250,2250
2021-04-19 00:43:47.666000,4172.964,4172.14,3610,3140
2021-04-19 00:43:47.717000,4172.958,4172.254,2250,2250
2021-04-19 00:43:49.294000,4172.861,4172.148,2250,2250
2021-04-19 00:44:16.786000,4172.546,4172.149,2250,890
2021-04-19 00:44:16.836000,4172.564,4171.833,2250,2250
2021-04-19 00:44:27.261000,4172.849,4171.852,3610,3140
2021-04-19 00:44:27.312000,4172.867,4172.133,2250,2250
2021-04-19 00:44:49.862000,4172.552,4172.131,2250,890
2021-04-19 00:44:49.912000,4172.546,4171.842,2250,2250
2021-04-19 00:45:00.391000,4172.858,4171.849,3610,3140
2021-04-19 00:45:00.441000,4172.852,4172.142,2250,2250
2021-04-19 00:45:01.166000,4172.855,4171.843,3610,3140
2021-04-19 00:45:01.216000,4172.567,4171.833,2250,2250
2021-04-19 00:45:14.566000,4172.864,4171.843,3610,3140
2021-04-19 00:45:14.616000,4172.864,4172.136,2250,2250
2021-04-19 00:45:25.460000,4173.046,4172.131,3610,3140
2021-04-19 00:45:25.510000,4173.055,4172.336,2250,2250
2021-04-19 00:45:28.661000,4172.955,4172.245,2250,2250
2021-04-19 00:45:28.990000,4172.867,4172.133,2250,2250
2021-04-19 00:45:29.321000,4173.067,4172.345,2250,2250
2021-04-19 00:45:34.030000,4173.367,4172.346,3610,3140
2021-04-19 00:45:34.080000,4173.361,4172.645,2250,2250
2021-04-19 00:46:21.727000,4173.852,4172.643,3610,3140
2021-04-19 00:46:21.777000,4173.861,4173.136,2250,2250
2021-04-19 00:47:02.463000,4174.055,4173.149,3610,3140
2021-04-19 00:47:02.514000,4174.058,4173.339,2250,2250
2021-04-19 00:47:22.077000,4174.364,4173.346,3610,3140
2021-04-19 00:47:22.127000,4174.367,4173.642,2250,2250
2021-04-19 00:47:24.458000,4174.046,4173.64,2250,890
2021-04-19 00:47:24.508000,4174.001,4173.339,2250,2250
2021-04-19 00:48:13.815000,4174.301,4173.343,3610,3140
2021-04-19 00:48:13.865000,4174.349,4173.648,2250,2250
2021-04-19 00:48:21.449000,4174.001,4173.634,2250,890
2021-04-19 00:48:21.500000,4174.058,4173.342,2250,2250
2021-04-19 00:48:23.119000,4174.301,4173.34,3610,3140
2021-04-19 00:48:23.170000,4174.346,4173.645,2250,2250
2021-04-19 00:48:23.912000,4174.046,4173.652,2250,890
2021-04-19 00:48:23.963000,4174.055,4173.351,2250,2250
2021-04-19 00:48:33.905000,4174.367,4173.337,3610,3140
2021-04-19 00:48:33.956000,4174.358,4173.651,2250,2250
2021-04-19 00:48:35.194000,4174.055,4173.339,2250,2250
2021-04-19 00:48:45.678000,4173.846,4173.349,2250,890
2021-04-19 00:48:45.728000,4173.855,4173.133,2250,2250
2021-04-19 00:48:47.660000,4174.061,4173.137,3610,3140
2021-04-19 00:48:47.711000,4174.049,4173.351,2250,2250
2021-04-19 00:48:48.734000,4173.961,4173.245,2250,2250
2021-04-19 00:48:48.930000,4173.801,4173.237,2250,890
2021-04-19 00:48:48.981000,4173.852,4173.154,2250,2250
2021-04-19 00:48:49.092000,4174.046,4173.134,3610,3140
2021-04-19 00:48:49.142000,4174.046,4173.336,2250,2250
2021-04-19 00:48:50.818000,4173.967,4173.346,2250,890
2021-04-19 00:48:50.868000,4173.901,4173.245,2250,2250
2021-04-19 00:48:52.079000,4173.855,4173.231,2250,890
2021-04-19 00:48:52.130000,4173.861,4173.142,2250,2250
2021-04-19 00:48:55.916000,4173.961,4173.14,3610,3140
2021-04-19 00:48:55.966000,4173.952,4173.242,2250,2250
2021-04-19 00:48:56.078000,4174.064,4173.231,3610,3140
2021-04-19 00:48:56.128000,4174.055,4173.342,2250,2250
2021-04-19 00:48:59.061000,4173.867,4173.331,2250,890
2021-04-19 00:48:59.112000,4173.855,4173.154,2250,2250
2021-04-19 00:48:59.222000,4174.055,4173.131,3610,3140
2021-04-19 00:48:59.272000,4174.061,4173.399,2250,2250
2021-04-19 00:48:59.382000,4173.946,4173.334,2250,890
2021-04-19 00:48:59.432000,4173.958,4173.251,2250,2250
2021-04-19 00:48:59.571000,4173.867,4173.234,2250,890
2021-04-19 00:48:59.622000,4173.852,4173.148,2250,2250
2021-04-19 00:49:02.816000,4174.061,4173.14,3610,3140
2021-04-19 00:49:02.867000,4174.058,4173.354,2250,2250
2021-04-19 00:49:04.145000,4173.858,4173.352,2250,890
2021-04-19 00:49:04.195000,4173.867,4173.199,2250,2250
2021-04-19 00:49:22.437000,4174.052,4173.134,3610,3140
2021-04-19 00:49:22.488000,4174.064,4173.333,2250,2250
2021-04-19 00:50:23.944000,4174.364,4173.334,3610,3140
2021-04-19 00:50:23.994000,4174.361,4173.654,2250,2250
2021-04-19 00:50:27.772000,4174.267,4173.554,2250,2250
2021-04-19 00:50:27.893000,4174.064,4173.531,2250,890
2021-04-19 00:50:27.943000,4174.058,4173.333,2250,2250
2021-04-19 00:51:43.394000,4173.961,4173.334,2250,890
2021-04-19 00:51:43.444000,4173.952,4173.248,2250,2250
2021-04-19 00:51:44.740000,4174.001,4173.252,3610,3140
2021-04-19 00:51:44.790000,4174.049,4173.354,2250,2250
2021-04-19 00:51:44.901000,4173.946,4173.334,2250,890
2021-04-19 00:51:44.951000,4173.952,4173.299,2250,2250
2021-04-19 00:51:45.367000,4174.049,4173.339,2250,2250
2021-04-19 00:52:05.870000,4173.864,4173.397,2250,890
2021-04-19 00:52:05.920000,4173.855,4173.142,2250,2250
2021-04-19 00:52:09.502000,4174.046,4173.149,3610,3140
2021-04-19 00:52:09.552000,4174.058,4173.336,2250,2250
2021-04-19 00:52:37.592000,4174.355,4173.352,3610,3140
2021-04-19 00:52:37.642000,4174.301,4173.633,2250,2250
2021-04-19 00:52:40.628000,4174.052,4173.631,2250,890
2021-04-19 00:52:40.678000,4174.058,4173.399,2250,2250
2021-04-19 00:52:45.555000,4174.361,4173.331,3610,3140
2021-04-19 00:52:45.605000,4174.346,4173.651,2250,2250
2021-04-19 00:53:20.606000,4174.552,4173.643,3610,3140
2021-04-19 00:53:20.656000,4174.546,4173.899,2250,2250
2021-04-19 00:53:20.927000,4174.367,4173.849,2250,890
2021-04-19 00:53:20.977000,4174.358,4173.645,2250,2250
2021-04-19 00:53:21.568000,4174.552,4173.652,3610,3140
2021-04-19 00:53:21.646000,4174.567,4173.836,2250,2250
2021-04-19 00:53:21.760000,4174.346,4173.654,2250,2250
2021-04-19 00:53:39.094000,4174.561,4173.697,3610,3140
2021-04-19 00:53:39.144000,4174.561,4173.845,2250,2250
2021-04-19 00:53:57.803000,4174.349,4173.897,2250,890
2021-04-19 00:53:57.853000,4174.358,4173.639,2250,2250
2021-04-19 00:54:22.662000,4174.246,4173.646,2250,890
2021-04-19 00:54:22.712000,4174.246,4173.542,2250,2250
2021-04-19 00:54:22.924000,4174.361,4173.537,3610,3140
2021-04-19 00:54:22.975000,4174.349,4173.645,2250,2250
2021-04-19 00:54:24.523000,4174.049,4173.649,2250,890
2021-04-19 00:54:24.573000,4174.049,4173.354,2250,2250
2021-04-19 00:54:25.322000,4174.258,4173.352,3610,3140
2021-04-19 00:54:25.372000,4174.264,4173.554,2250,2250
2021-04-19 00:54:25.745000,4174.001,4173.54,2250,890
2021-04-19 00:54:25.796000,4174.055,4173.342,2250,2250
2021-04-19 00:54:26.264000,4174.264,4173.346,3610,3140
2021-04-19 00:54:26.314000,4174.261,4173.536,2250,2250
2021-04-19 00:54:26.459000,4174.001,4173.339,2250,2250
2021-04-19 00:54:30.449000,4174.067,4173.549,2250,890
2021-04-19 00:54:30.499000,4174.264,4173.551,2250,2250
2021-04-19 00:54:30.768000,4174.001,4173.597,2250,890
2021-04-19 00:54:30.819000,4174.052,4173.342,2250,2250
2021-04-19 00:54:33.554000,4174.255,4173.337,3610,3140
2021-04-19 00:54:33.604000,4174.201,4173.554,2250,2250
2021-04-19 00:54:33.720000,4174.367,4173.699,2250,2250
2021-04-19 00:54:43.624000,4174.555,4173.899,2250,2250
2021-04-19 00:54:45.379000,4174.846,4173.852,3610,3140
2021-04-19 00:54:45.429000,4174.861,4174.139,2250,2250
2021-04-19 00:54:56.825000,4174.546,4174.146,2250,890
2021-04-19 00:54:56.875000,4174.552,4173.836,2250,2250
2021-04-19 00:54:57.155000,4174.852,4174.145,2250,2250
2021-04-19 00:54:58.146000,4174.749,4174.048,2250,2250
2021-04-19 00:54:59.891000,4174.561,4174.034,2250,890
2021-04-19 00:54:59.942000,4174.546,4173.851,2250,2250
2021-04-19 00:55:22.287000,4174.761,4173.837,3610,3140
2021-04-19 00:55:22.337000,4174.758,4174.054,2250,2250
2021-04-19 00:55:22.510000,4174.752,4173.846,3610,3140
2021-04-19 00:55:22.561000,4174.552,4173.899,2250,2250
2021-04-19 00:55:44.518000,4174.349,4173.834,2250,890
2021-04-19 00:55:44.569000,4174.361,4173.648,2250,2250
2021-04-19 00:55:59.079000,4174.255,4173.646,2250,890
2021-04-19 00:55:59.129000,4174.246,4173.533,2250,2250
2021-04-19 00:55:59.554000,4174.067,4173.597,2250,890
2021-04-19 00:55:59.604000,4174.001,4173.351,2250,2250
2021-04-19 00:55:59.715000,4174.346,4173.34,3610,3140
2021-04-19 00:55:59.766000,4174.367,4173.636,2250,2250
2021-04-19 00:56:01.083000,4174.049,4173.637,2250,890
2021-04-19 00:56:01.133000,4174.049,4173.399,2250,2250
2021-04-19 00:56:01.263000,4174.301,4173.349,3610,3140
2021-04-19 00:56:01.313000,4174.349,4173.648,2250,2250
2021-04-19 00:56:01.941000,4174.049,4173.637,2250,890
2021-04-19 00:56:01.991000,4174.067,4173.336,2250,2250
2021-04-19 00:56:08.176000,4174.367,4173.397,3610,3140
2021-04-19 00:56:08.227000,4174.349,4173.645,2250,2250
2021-04-19 00:56:14.813000,4174.249,4173.649,2250,890
2021-04-19 00:56:14.863000,4174.264,4173.599,2250,2250
2021-04-19 00:56:15.131000,4174.358,4173.597,3610,3140
2021-04-19 00:56:15.181000,4174.367,4173.699,2250,2250
2021-04-19 00:56:16.769000,4174.067,4173.643,2250,890
2021-04-19 00:56:16.819000,4174.046,4173.354,2250,2250
2021-04-19 00:56:22.197000,4174.352,4173.334,3610,3140
2021-04-19 00:56:22.247000,4174.352,4173.648,2250,2250
2021-04-19 00:56:28.987000,4174.046,4173.652,2250,890
2021-04-19 00:56:29.037000,4174.055,4173.342,2250,2250
2021-04-19 00:56:32.943000,4174.255,4173.352,3610,3140
2021-04-19 00:56:32.993000,4174.201,4173.542,2250,2250
2021-04-19 00:56:33.104000,4174.064,4173.546,2250,890
2021-04-19 00:56:33.155000,4174.046,4173.351,2250,2250
2021-04-19 00:56:33.427000,4174.201,4173.397,3610,3140
2021-04-19 00:56:33.478000,4174.249,4173.542,2250,2250
2021-04-19 00:56:33.586000,4174.055,4173.543,2250,890
2021-04-19 00:56:33.636000,4174.064,4173.333,2250,2250
2021-04-19 00:56:34.357000,4174.255,4173.343,3610,3140
2021-04-19 00:56:34.407000,4174.246,4173.554,2250,2250
2021-04-19 00:56:34.904000,4174.058,4173.537,2250,890
2021-04-19 00:56:34.955000,4174.061,4173.348,2250,2250
2021-04-19 00:56:40.071000,4174.358,4173.337,3610,3140
2021-04-19 00:56:40.121000,4174.355,4173.699,2250,2250
2021-04-19 00:56:40.231000,4174.052,4173.649,2250,890
2021-04-19 00:56:40.282000,4174.052,4173.342,2250,2250
2021-04-19 00:57:20.355000,4173.855,4173.349,2250,890
2021-04-19 00:57:20.406000,4173.855,4173.151,2250,2250
2021-04-19 00:58:10.704000,4174.049,4173.14,3610,3140
2021-04-19 00:58:10.755000,4174.061,4173.354,2250,2250
2021-04-19 00:58:58.118000,4173.864,4173.142,2250,2250
2021-04-19 00:59:09.149000,4173.546,4173.14,2250,890
2021-04-19 00:59:09.199000,4173.549,4172.842,2250,2250
2021-04-19 00:59:35.455000,4173.849,4172.897,3610,3140
2021-04-19 00:59:35.506000,4173.861,4173.151,2250,2250
2021-04-19 00:59:35.613000,4173.501,4173.131,2250,890
2021-04-19 00:59:35.664000,4173.561,4172.854,2250,2250
2021-04-19 00:59:36.235000,4173.867,4172.843,3610,3140
2021-04-19 00:59:36.285000,4173.801,4173.136,2250,2250
2021-04-19 00:59:38.080000,4173.564,4173.137,2250,890
2021-04-19 00:59:38.130000,4173.567,4172.845,2250,2250
2021-04-19 00:59:38.239000,4173.801,4172.849,3610,3140
2021-04-19 00:59:38.289000,4173.846,4173.145,2250,2250
2021-04-19 00:59:39.558000,4173.564,4173.143,2250,890
2021-04-19 00:59:39.608000,4173.567,4172.845,2250,2250
2021-04-19 00:59:41.410000,4173.855,4172.843,3610,3140
2021-04-19 00:59:41.460000,4173.849,4173.139,2250,2250
2021-04-19 00:59:43.465000,4173.558,4173.134,2250,890
2021-04-19 00:59:43.515000,4173.501,4172.845,2250,2250
2021-04-19 00:59:44.531000,4173.852,4172.846,3610,3140
2021-04-19 00:59:44.582000,4173.861,4173.154,2250,2250
2021-04-19 00:59:44.691000,4173.561,4173.149,2250,890
2021-04-19 00:59:44.741000,4173.546,4172.845,2250,2250
2021-04-19 00:59:47.314000,4173.755,4172.897,3610,3140
2021-04-19 00:59:47.364000,4173.752,4173.045,2250,2250
2021-04-19 00:59:48.773000,4173.546,4173.037,2250,890
2021-04-19 00:59:48.824000,4173.555,4172.851,2250,2250
2021-04-19 00:59:48.953000,4173.801,4173.151,2250,2250
2021-04-19 01:00:00.227000,4174.061,4173.152,3610,3140
2021-04-19 01:00:00.278000,4174.058,4173.342,2250,2250
2021-04-19 01:00:05.357000,4173.855,4173.334,2250,890
2021-04-19 01:00:05.407000,4173.855,4173.145,2250,2250
2021-04-19 01:00:10.799000,4173.501,4173.134,2250,890
2021-04-19 01:00:10.849000,4173.558,4172.842,2250,2250
2021-04-19 01:00:12.844000,4173.849,4172.846,3610,3140
2021-04-19 01:00:12.894000,4173.852,4173.142,2250,2250
2021-04-19 01:00:17.200000,4174.001,4173.143,3610,3140
2021-04-19 01:00:17.251000,4174.049,4173.348,2250,2250
2021-04-19 01:00:20.174000,4174.346,4173.337,3610,3140
2021-04-19 01:00:20.225000,4174.364,4173.699,2250,2250
2021-04-19 01:00:32.055000,4174.455,4173.64,3610,3140
2021-04-19 01:00:32.105000,4174.461,4173.748,2250,2250
2021-04-19 01:00:32.574000,4174.552,4173.731,3610,3140
2021-04-19 01:00:32.624000,4174.501,4173.842,2250,2250
2021-04-19 01:00:35.768000,4174.864,4173.852,3610,3140
2021-04-19 01:00:35.818000,4174.858,4174.142,2250,2250
2021-04-19 01:00:37.481000,4175.001,4174.336,2250,2250
2021-04-19 01:00:40.219000,4174.801,4174.337,2250,890
2021-04-19 01:00:40.269000,4174.846,4174.142,2250,2250
2021-04-19 01:00:45.134000,4175.067,4174.131,3610,3140
2021-04-19 01:00:45.185000,4175.058,4174.339,2250,2250
2021-04-19 01:00:45.775000,4174.964,4174.349,2250,890
2021-04-19 01:00:45.826000,4174.946,4174.233,2250,2250
2021-04-19 01:00:45.934000,4174.846,4174.297,2250,890
2021-04-19 01:00:45.984000,4174.864,4174.199,2250,2250
2021-04-19 01:00:46.095000,4174.967,4174.143,3610,3140
2021-04-19 01:00:46.145000,4174.967,4174.242,2250,2250
2021-04-19 01:00:46.415000,4174.801,4174.24,2250,890
2021-04-19 01:00:46.465000,4174.852,4174.136,2250,2250
2021-04-19 01:00:46.574000,4174.901,4174.14,3610,3140
2021-04-19 01:00:46.624000,4174.958,4174.248,2250,2250
2021-04-19 01:00:46.735000,4175.001,4174.237,3610,3140
2021-04-19 01:00:46.785000,4175.052,4174.348,2250,2250
2021-04-19 01:00:47.385000,4174.864,4174.199,2250,2250
2021-04-19 01:00:49.308000,4175.046,4174.143,3610,3140
2021-04-19 01:00:49.359000,4175.046,4174.351,2250,2250
2021-04-19 01:00:50.356000,4174.849,4174.151,2250,2250
2021-04-19 01:00:59.653000,4175.049,4174.152,3610,3140
2021-04-19 01:00:59.703000,4175.001,4174.348,2250,2250
2021-04-19 01:01:06.034000,4174.861,4174.397,2250,890
2021-04-19 01:01:06.085000,4174.855,4174.136,2250,2250
2021-04-19 01:01:09.615000,4175.058,4174.143,3610,3140
2021-04-19 01:01:09.665000,4175.049,4174.333,2250,2250
2021-04-19 01:01:10.718000,4174.852,4174.337,2250,890
2021-04-19 01:01:10.768000,4174.858,4174.139,2250,2250
2021-04-19 01:01:15.849000,4175.049,4174.14,3610,3140
2021-04-19 01:01:15.899000,4175.001,4174.354,2250,2250
2021-04-19 01:01:18.028000,4174.849,4174.349,2250,890
2021-04-19 01:01:18.078000,4174.855,4174.136,2250,2250
2021-04-19 01:01:31.451000,4174.501,4174.143,2250,890
2021-04-19 01:01:31.501000,4174.561,4173.845,2250,2250
2021-04-19 01:01:35.664000,4174.361,4173.897,2250,890
2021-04-19 01:01:35.714000,4174.355,4173.699,2250,2250
2021-04-19 01:01:41.526000,4174.549,4173.64,3610,3140
2021-04-19 01:01:41.577000,4174.552,4173.836,2250,2250
2021-04-19 01:01:50.497000,4174.364,4173.843,2250,890
2021-04-19 01:01:50.548000,4174.346,4173.699,2250,2250
2021-04-19 01:01:50.934000,4174.549,4173.634,3610,3140
2021-04-19 01:01:50.985000,4174.552,4173.839,2250,2250
2021-04-19 01:01:54.193000,4174.401,4173.837,2250,890
2021-04-19 01:01:54.243000,4174.458,4173.745,2250,2250
2021-04-19 01:01:54.402000,4174.555,4173.854,2250,2250
2021-04-19 01:01:54.949000,4174.367,4173.843,2250,890
2021-04-19 01:01:54.999000,4174.367,4173.699,2250,2250
2021-04-19 01:02:07.293000,4174.046,4173.652,2250,890
2021-04-19 01:02:07.343000,4174.058,4173.342,2250,2250
2021-04-19 01:02:11.995000,4173.858,4173.337,2250,890
2021-04-19 01:02:12.045000,4173.801,4173.148,2250,2250
2021-04-19 01:02:13.952000,4174.064,4173.149,3610,3140
2021-04-19 01:02:14.003000,4174.061,4173.342,2250,2250
2021-04-19 01:02:14.115000,4173.858,4173.34,2250,890
2021-04-19 01:02:14.166000,4173.855,4173.148,2250,2250
2021-04-19 01:02:15.864000,4174.052,4173.351,2250,2250
2021-04-19 01:02:16.661000,4173.949,4173.34,2250,890
2021-04-19 01:02:16.712000,4173.958,4173.239,2250,2250
2021-04-19 01:02:17.185000,4174.055,4173.333,2250,2250
2021-04-19 01:02:30.066000,4173.849,4173.34,2250,890
2021-04-19 01:02:30.116000,4173.867,4173.199,2250,2250
2021-04-19 01:02:50.616000,4174.058,4173.137,3610,3140
2021-04-19 01:02:50.666000,4174.061,4173.333,2250,2250
2021-04-19 01:02:51.517000,4173.952,4173.251,2250,2250
2021-04-19 01:02:51.910000,4174.067,4173.234,3610,3140
2021-04-19 01:02:51.961000,4174.055,4173.351,2250,2250
2021-04-19 01:03:31.254000,4173.855,4173.337,2250,890
2021-04-19 01:03:31.304000,4173.849,4173.136,2250,2250
2021-04-19 01:03:35.995000,4173.567,4173.137,2250,890
2021-04-19 01:03:36.046000,4173.501,4172.851,2250,2250
2021-04-19 01:03:37.199000,4173.746,4172.843,3610,3140
2021-04-19 01:03:37.250000,4173.752,4173.045,2250,2250
2021-04-19 01:03:37.677000,4173.501,4173.046,2250,890
2021-04-19 01:03:37.727000,4173.564,4172.854,2250,2250
2021-04-19 01:03:51.086000,4173.301,4172.837,2250,890
2021-04-19 01:03:51.136000,4173.364,4172.651,2250,2250
2021-04-19 01:03:53.427000,4173.567,4172.649,3610,3140
2021-04-19 01:03:53.478000,4173.501,4172.899,2250,2250
2021-04-19 01:04:00.658000,4173.301,4172.849,2250,890
2021-04-19 01:04:00.709000,4173.301,4172.651,2250,2250
2021-04-19 01:04:05.869000,4173.001,4172.64,2250,890
2021-04-19 01:04:05.920000,4173.064,4172.333,2250,2250
2021-04-19 01:04:26.302000,4172.849,4172.34,2250,890
2021-04-19 01:04:26.352000,4172.861,4172.145,2250,2250
2021-04-19 01:04:44.446000,4172.961,4172.239,2250,2250
2021-04-19 01:04:44.788000,4172.858,4172.136,2250,2250
2021-04-19 01:04:48.229000,4172.958,4172.197,3610,3140
2021-04-19 01:04:48.280000,4172.901,4172.233,2250,2250
2021-04-19 01:04:48.799000,4172.849,4172.243,2250,890
2021-04-19 01:04:48.849000,4172.855,4172.148,2250,2250
2021-04-19 01:05:06.728000,4173.058,4172.14,3610,3140
2021-04-19 01:05:06.778000,4173.058,4172.354,2250,2250
2021-04-19 01:05:12.957000,4173.358,4172.346,3610,3140
2021-04-19 01:05:13.008000,4173.352,4172.633,2250,2250
2021-04-19 01:05:14.495000,4173.064,4172.354,2250,2250
2021-04-19 01:05:25.409000,4173.361,4172.352,3610,3140
2021-04-19 01:05:25.459000,4173.349,4172.648,2250,2250
2021-04-19 01:05:25.569000,4173.252,4172.631,2250,890
2021-04-19 01:05:25.619000,4173.264,4172.542,2250,2250
2021-04-19 01:05:26.493000,4173.001,4172.531,2250,890
2021-04-19 01:05:26.543000,4173.067,4172.342,2250,2250
2021-04-19 01:05:26.652000,4173.367,4172.346,3610,3140
2021-04-19 01:05:26.702000,4173.361,4172.642,2250,2250
2021-04-19 01:05:28.256000,4173.061,4172.64,2250,890
2021-04-19 01:05:28.306000,4173.052,4172.339,2250,2250
2021-04-19 01:05:32.663000,4172.855,4172.142,2250,2250
2021-04-19 01:05:32.784000,4173.067,4172.137,3610,3140
2021-04-19 01:05:32.835000,4173.064,4172.336,2250,2250
2021-04-19 01:05:44.400000,4172.861,4172.352,2250,890
2021-04-19 01:05:44.450000,4172.849,4172.151,2250,2250
2021-04-19 01:05:45.226000,4173.055,4172.131,3610,3140
2021-04-19 01:05:45.276000,4173.061,4172.339,2250,2250
2021-04-19 01:05:47.846000,4172.949,4172.233,2250,2250
2021-04-19 01:05:50.084000,4172.861,4172.249,2250,890
2021-04-19 01:05:50.135000,4172.849,4172.148,2250,2250
2021-04-19 01:06:08.517000,4173.049,4172.137,3610,3140
2021-04-19 01:06:08.568000,4173.058,4172.351,2250,2250
2021-04-19 01:06:08.677000,4172.867,4172.397,2250,890
2021-04-19 01:06:08.727000,4172.855,4172.145,2250,2250
2021-04-19 01:06:10.676000,4173.058,4172.149,3610,3140
2021-04-19 01:06:10.726000,4173.001,4172.351,2250,2250
2021-04-19 01:06:44.978000,4172.967,4172.397,2250,890
2021-04-19 01:06:45.028000,4172.967,4172.233,2250,2250
2021-04-19 01:06:45.496000,4172.855,4172.249,2250,890
2021-04-19 01:06:45.546000,4172.867,4172.136,2250,2250
2021-04-19 01:06:45.664000,4173.064,4172.339,2250,2250
2021-04-19 01:06:54.985000,4172.852,4172.397,2250,890
2021-04-19 01:06:55.036000,4172.801,4172.145,2250,2250
2021-04-19 01:06:55.183000,4172.952,4172.233,2250,2250
2021-04-19 01:06:55.513000,4172.861,4172.136,2250,2250
2021-04-19 01:06:56.378000,4173.046,4172.149,3610,3140
2021-04-19 01:06:56.428000,4173.058,4172.348,2250,2250
2021-04-19 01:06:57.019000,4172.852,4172.334,2250,890
2021-04-19 01:06:57.070000,4172.801,4172.145,2250,2250
2021-04-19 01:07:47.419000,4173.058,4172.131,3610,3140
2021-04-19 01:07:47.470000,4173.001,4172.336,2250,2250
2021-04-19 01:07:51.424000,4172.867,4172.346,2250,890
2021-04-19 01:07:51.474000,4172.849,4172.154,2250,2250
2021-04-19 01:08:06.477000,4172.501,4172.131,2250,890
2021-04-19 01:08:06.528000,4172.558,4171.845,2250,2250
2021-04-19 01:08:07.356000,4172.867,4171.852,3610,3140
2021-04-19 01:08:07.407000,4172.801,4172.145,2250,2250
2021-04-19 01:08:32.245000,4172.958,4172.197,3610,3140
2021-04-19 01:08:32.295000,4172.949,4172.299,2250,2250
2021-04-19 01:08:34.276000,4172.855,4172.243,2250,890
2021-04-19 01:08:34.327000,4172.858,4172.148,2250,2250
2021-04-19 01:08:36.430000,4173.064,4172.197,3610,3140
2021-04-19 01:08:36.480000,4173.061,4172.354,2250,2250
2021-04-19 01:08:49.750000,4173.358,4172.699,2250,2250
2021-04-19 01:08:54.548000,4173.564,4172.643,3610,3140
2021-04-19 01:08:54.598000,4173.558,4172.848,2250,2250
2021-04-19 01:08:54.701000,4173.349,4172.837,2250,890
2021-04-19 01:08:54.751000,4173.355,4172.699,2250,2250
2021-04-19 01:08:56.765000,4173.546,4172.634,3610,3140
2021-04-19 01:08:56.815000,4173.549,4172.833,2250,2250
2021-04-19 01:08:57.612000,4173.301,4172.837,2250,890
2021-04-19 01:08:57.662000,4173.367,4172.699,2250,2250
2021-04-19 01:09:10.793000,4173.558,4172.652,3610,3140
2021-04-19 01:09:10.843000,4173.555,4172.833,2250,2250
2021-04-19 01:09:33.006000,4173.361,4172.648,2250,2250
2021-04-19 01:10:00.404000,4173.055,4172.649,2250,890
2021-04-19 01:10:00.455000,4173.061,4172.336,2250,2250
2021-04-19 01:10:11.494000,4172.861,4172.331,2250,890
2021-04-19 01:10:11.549000,4172.846,4172.145,2250,2250
2021-04-19 01:10:11.649000,4172.946,4172.248,2250,2250
2021-04-19 01:10:11.805000,4173.055,4172.252,3610,3140
2021-04-19 01:10:11.856000,4173.046,4172.336,2250,2250
2021-04-19 01:10:12.633000,4172.949,4172.299,2250,2250
2021-04-19 01:10:12.782000,4173.064,4172.243,3610,3140
2021-04-19 01:10:12.832000,4173.058,4172.345,2250,2250
2021-04-19 01:10:13.121000,4172.901,4172.343,2250,890
2021-04-19 01:10:13.171000,4172.952,4172.236,2250,2250
2021-04-19 01:10:13.294000,4172.867,4172.249,2250,890
2021-04-19 01:10:13.345000,4172.864,4172.139,2250,2250
2021-04-19 01:10:13.623000,4172.961,4172.254,2250,2250
2021-04-19 01:10:13.777000,4172.858,4172.231,2250,890
2021-04-19 01:10:13.827000,4172.855,4172.145,2250,2250
2021-04-19 01:10:13.953000,4172.964,4172.236,2250,2250
2021-04-19 01:10:14.684000,4172.846,4172.249,2250,890
2021-04-19 01:10:14.734000,4172.846,4172.154,2250,2250
2021-04-19 01:10:21.066000,4172.564,4172.197,2250,890
2021-04-19 01:10:21.117000,4172.561,4171.851,2250,2250
2021-04-19 01:10:22.749000,4172.849,4171.843,3610,3140
2021-04-19 01:10:22.799000,4172.861,4172.199,2250,2250
2021-04-19 01:10:29.136000,4172.546,4171.839,2250,2250
2021-04-19 01:10:35.079000,4172.801,4172.142,2250,2250
2021-04-19 01:10:36.593000,4172.552,4172.149,2250,890
2021-04-19 01:10:36.644000,4172.549,4171.854,2250,2250
2021-04-19 01:10:36.913000,4172.801,4171.837,3610,3140
2021-04-19 01:10:36.964000,4172.801,4172.148,2250,2250
2021-04-19 01:10:37.608000,4172.546,4172.134,2250,890
2021-04-19 01:10:37.658000,4172.501,4171.845,2250,2250
2021-04-19 01:10:52.127000,4172.801,4171.837,3610,3140
2021-04-19 01:10:52.177000,4172.861,4172.148,2250,2250
2021-04-19 01:11:08.337000,4172.555,4172.14,2250,890
2021-04-19 01:11:08.387000,4172.561,4171.854,2250,2250
2021-04-19 01:11:09.762000,4172.846,4171.897,3610,3140
2021-04-19 01:11:09.813000,4172.858,4172.133,2250,2250
2021-04-19 01:11:21.477000,4172.764,4172.134,2250,890
2021-04-19 01:11:21.527000,4172.752,4172.039,2250,2250
2021-04-19 01:11:21.638000,4172.801,4172.037,3610,3140
2021-04-19 01:11:21.688000,4172.849,4172.145,2250,2250
2021-04-19 01:11:21.960000,4172.746,4172.131,2250,890
2021-04-19 01:11:22.010000,4172.701,4172.036,2250,2250
2021-04-19 01:11:22.288000,4172.561,4171.833,2250,2250
2021-04-19 01:11:24.324000,4172.855,4171.843,3610,3140
2021-04-19 01:11:24.374000,4172.801,4172.133,2250,2250
2021-04-19 01:11:44.988000,4173.001,4172.131,3610,3140
2021-04-19 01:11:45.038000,4173.055,4172.333,2250,2250
2021-04-19 01:11:51.214000,4173.349,4172.34,3610,3140
2021-04-19 01:11:51.264000,4173.367,4172.645,2250,2250
2021-04-19 01:12:17.676000,4173.201,4172.697,2250,890
2021-04-19 01:12:17.726000,4173.261,4172.533,2250,2250
2021-04-19 01:12:19.530000,4173.367,4172.546,3610,3140
2021-04-19 01:12:19.580000,4173.367,4172.651,2250,2250
2021-04-19 01:12:21.641000,4173.246,4172.64,2250,890
2021-04-19 01:12:21.692000,4173.261,4172.533,2250,2250
2021-04-19 01:12:22.221000,4173.064,4172.549,2250,890
2021-04-19 01:12:22.272000,4173.001,4172.354,2250,2250
2021-04-19 01:12:29.124000,4173.355,4172.654,2250,2250
2021-04-19 01:12:29.541000,4173.267,4172.64,2250,890
2021-04-19 01:12:29.591000,4173.252,4172.542,2250,2250
2021-04-19 01:12:29.710000,4173.001,4172.537,2250,890
2021-04-19 01:12:29.761000,4173.046,4172.399,2250,2250
2021-04-19 01:12:30.179000,4173.258,4172.334,3610,3140
2021-04-19 01:12:30.229000,4173.258,4172.545,2250,2250
2021-04-19 01:12:31.608000,4173.046,4172.336,2250,2250
2021-04-19 01:12:36.390000,4173.049,4172.637,2250,890
2021-04-19 01:12:36.441000,4173.355,4172.648,2250,2250
2021-04-19 01:12:36.559000,4173.067,4172.351,2250,2250
2021-04-19 01:12:37.790000,4173.346,4172.352,3610,3140
2021-04-19 01:12:37.841000,4173.301,4172.639,2250,2250
2021-04-19 01:13:00.816000,4173.061,4172.637,2250,890
2021-04-19 01:13:00.867000,4173.064,4172.348,2250,2250
2021-04-19 01:13:09.138000,4173.358,4172.352,3610,3140
2021-04-19 01:13:09.188000,4173.346,4172.639,2250,2250
2021-04-19 01:13:09.588000,4173.201,4172.646,2250,890
2021-04-19 01:13:09.638000,4173.255,4172.539,2250,2250
2021-04-19 01:13:10.941000,4173.358,4172.54,3610,3140
2021-04-19 01:13:10.992000,4173.364,4172.633,2250,2250
2021-04-19 01:13:13.410000,4173.058,4172.649,2250,890
2021-04-19 01:13:13.460000,4173.064,4172.399,2250,2250
2021-04-19 01:13:23.514000,4173.367,4172.346,3610,3140
2021-04-19 01:13:23.564000,4173.361,4172.651,2250,2250
2021-04-19 01:13:27.061000,4173.264,4172.697,2250,890
2021-04-19 01:13:27.111000,4173.258,4172.551,2250,2250
2021-04-19 01:13:27.391000,4173.355,4172.699,2250,2250
2021-04-19 01:13:37.540000,4173.558,4172.631,3610,3140
2021-04-19 01:13:37.591000,4173.501,4172.854,2250,2250
2021-04-19 01:13:45.218000,4173.852,4173.199,2250,2250
2021-04-19 01:13:46.455000,4173.761,4173.14,2250,890
2021-04-19 01:13:46.505000,4173.761,4173.042,2250,2250
2021-04-19 01:13:46.622000,4173.564,4173.034,2250,890
2021-04-19 01:13:46.673000,4173.552,4172.833,2250,2250
2021-04-19 01:14:00.880000,4173.858,4172.897,3610,3140
2021-04-19 01:14:00.930000,4173.867,4173.154,2250,2250
2021-04-19 01:14:01.060000,4173.758,4173.033,2250,2250
2021-04-19 01:14:01.467000,4173.564,4173.052,2250,890
2021-04-19 01:14:01.518000,4173.555,4172.833,2250,2250
2021-04-19 01:14:02.468000,4173.746,4172.846,3610,3140
2021-04-19 01:14:02.518000,4173.752,4173.033,2250,2250
2021-04-19 01:14:02.913000,4173.749,4172.834,3610,3140
2021-04-19 01:14:02.964000,4173.558,4172.839,2250,2250
2021-04-19 01:14:08.800000,4173.861,4172.831,3610,3140
2021-04-19 01:14:08.850000,4173.867,4173.145,2250,2250
2021-04-19 01:14:23.110000,4174.001,4173.137,3610,3140
2021-04-19 01:14:23.160000,4174.046,4173.348,2250,2250
2021-04-19 01:15:07.504000,4174.352,4173.331,3610,3140
2021-04-19 01:15:07.554000,4174.364,4173.654,2250,2250
2021-04-19 01:15:07.665000,4174.049,4173.631,2250,890
2021-04-19 01:15:07.716000,4174.067,4173.354,2250,2250
2021-04-19 01:15:08.073000,4174.301,4173.636,2250,2250
2021-04-19 01:15:08.823000,4174.058,4173.649,2250,890
2021-04-19 01:15:08.874000,4174.064,4173.333,2250,2250
2021-04-19 01:15:09.722000,4173.861,4173.145,2250,2250
2021-04-19 01:15:12.715000,4173.567,4173.137,2250,890
2021-04-19 01:15:12.765000,4173.546,4172.833,2250,2250
2021-04-19 01:15:16.226000,4173.801,4172.837,3610,3140
2021-04-19 01:15:16.276000,4173.852,4173.133,2250,2250
2021-04-19 01:15:18.571000,4173.558,4173.137,2250,890
2021-04-19 01:15:18.622000,4173.549,4172.848,2250,2250
2021-04-19 01:15:19.733000,4173.764,4172.843,3610,3140
2021-04-19 01:15:19.783000,4173.749,4173.036,2250,2250
2021-04-19 01:15:19.892000,4173.558,4173.04,2250,890
2021-04-19 01:15:19.943000,4173.549,4172.839,2250,2250
2021-04-19 01:15:20.374000,4173.555,4173.046,2250,890
2021-04-19 01:15:20.424000,4173.755,4173.054,2250,2250
2021-04-19 01:15:20.866000,4173.555,4173.052,2250,890
2021-04-19 01:15:20.917000,4173.546,4172.833,2250,2250
2021-04-19 01:15:26.436000,4173.701,4172.849,3610,3140
2021-04-19 01:15:26.486000,4173.764,4173.033,2250,2250
2021-04-19 01:15:26.756000,4173.858,4173.052,3610,3140
2021-04-19 01:15:26.807000,4173.852,4173.145,2250,2250
2021-04-19 01:15:27.594000,4173.555,4173.146,2250,890
2021-04-19 01:15:27.644000,4173.558,4172.842,2250,2250
2021-04-19 01:15:27.754000,4173.867,4172.837,3610,3140
2021-04-19 01:15:27.804000,4173.855,4173.136,2250,2250
2021-04-19 01:15:28.554000,4174.052,4173.137,3610,3140
2021-04-19 01:15:28.604000,4174.055,4173.339,2250,2250
2021-04-19 01:15:33.003000,4174.364,4173.346,3610,3140
2021-04-19 01:15:33.053000,4174.352,4173.648,2250,2250
2021-04-19 01:15:39.687000,4174.558,4173.634,3610,3140
2021-04-19 01:15:39.738000,4174.546,4173.851,2250,2250
2021-04-19 01:15:52.786000,4174.355,4173.831,2250,890
2021-04-19 01:15:52.837000,4174.352,4173.636,2250,2250
2021-04-19 01:15:54.719000,4174.461,4173.643,3610,3140
2021-04-19 01:15:54.769000,4174.449,4173.799,2250,2250
2021-04-19 01:15:55.195000,4174.346,4173.648,2250,2250
2021-04-19 01:16:11.015000,4174.558,4173.634,3610,3140
2021-04-19 01:16:11.065000,4174.564,4173.833,2250,2250
2021-04-19 01:16:24.017000,4174.355,4173.633,2250,2250
2021-04-19 01:16:29.720000,4174.467,4173.64,3610,3140
2021-04-19 01:16:29.770000,4174.458,4173.751,2250,2250
2021-04-19 01:16:29.881000,4174.367,4173.737,2250,890
2021-04-19 01:16:29.931000,4174.301,4173.636,2250,2250
2021-04-19 01:16:32.269000,4174.452,4173.742,2250,2250
2021-04-19 01:16:32.632000,4174.346,4173.737,2250,890
2021-04-19 01:16:32.687000,4174.364,4173.639,2250,2250
2021-04-19 01:16:47.008000,4174.555,4173.697,3610,3140
2021-04-19 01:16:47.058000,4174.549,4173.848,2250,2250
2021-04-19 01:16:49.963000,4174.352,4173.846,2250,890
2021-04-19 01:16:50.014000,4174.346,4173.648,2250,2250
2021-04-19 01:17:01.124000,4174.555,4173.643,3610,3140
2021-04-19 01:17:01.175000,4174.549,4173.851,2250,2250
2021-04-19 01:17:01.916000,4174.352,4173.852,2250,890
2021-04-19 01:17:01.966000,4174.361,4173.639,2250,2250
2021-04-19 01:17:21.906000,4174.501,4173.697,3610,3140
2021-04-19 01:17:21.956000,4174.555,4173.845,2250,2250
2021-04-19 01:17:25.195000,4174.367,4173.897,2250,890
2021-04-19 01:17:25.245000,4174.364,4173.642,2250,2250
2021-04-19 01:17:27.864000,4174.567,4173.634,3610,3140
2021-04-19 01:17:27.914000,4174.546,4173.836,2250,2250
2021-04-19 01:17:27.964000,4174.061,4173.837,2250,890
2021-04-19 01:17:28.014000,4174.052,4173.354,2250,2250
2021-04-19 01:17:35.258000,4173.946,4173.346,2250,890
2021-04-19 01:17:35.308000,4173.946,4173.248,2250,2250
2021-04-19 01:17:35.413000,4173.861,4173.24,2250,890
2021-04-19 01:17:35.464000,4173.801,4173.154,2250,2250
2021-04-19 01:17:42.580000,4173.552,4173.14,2250,890
2021-04-19 01:17:42.631000,4173.558,4172.899,2250,2250
2021-04-19 01:17:47.778000,4173.301,4172.837,2250,890
2021-04-19 01:17:47.828000,4173.367,4172.639,2250,2250
2021-04-19 01:17:48.851000,4173.564,4172.854,2250,2250
2021-04-19 01:17:49.511000,4173.446,4172.799,2250,2250
2021-04-19 01:17:50.349000,4173.358,4172.749,2250,890
2021-04-19 01:17:50.400000,4173.355,4172.633,2250,2250
2021-04-19 01:17:51.725000,4173.567,4172.697,3610,3140
2021-04-19 01:17:51.776000,4173.552,4172.839,2250,2250
2021-04-19 01:17:53.803000,4173.349,4172.648,2250,2250
2021-04-19 01:18:01.595000,4173.258,4172.697,2250,890
2021-04-19 01:18:01.645000,4173.264,4172.539,2250,2250
2021-04-19 01:18:02.228000,4173.352,4172.543,3610,3140
2021-04-19 01:18:02.279000,4173.355,4172.648,2250,2250
2021-04-19 01:18:07.083000,4173.058,4172.64,2250,890
2021-04-19 01:18:07.133000,4173.067,4172.399,2250,2250
2021-04-19 01:18:07.493000,4173.346,4172.34,3610,3140
2021-04-19 01:18:07.543000,4173.349,4172.648,2250,2250
2021-04-19 01:18:16.815000,4173.546,4172.697,3610,3140
2021-04-19 01:18:16.865000,4173.564,4172.842,2250,2250
2021-04-19 01:18:17.294000,4173.361,4172.831,2250,890
2021-04-19 01:18:17.344000,4173.367,4172.636,2250,2250
2021-04-19 01:18:28.369000,4173.561,4172.64,3610,3140
2021-04-19 01:18:28.420000,4173.549,4172.845,2250,2250
2021-04-19 01:18:29.732000,4173.855,4172.849,3610,3140
2021-04-19 01:18:29.782000,4173.858,4173.145,2250,2250
2021-04-19 01:18:29.892000,4173.555,4173.143,2250,890
2021-04-19 01:18:29.942000,4173.558,4172.839,2250,2250
2021-04-19 01:18:31.895000,4173.852,4172.849,3610,3140
2021-04-19 01:18:31.946000,4173.846,4173.139,2250,2250
2021-04-19 01:18:32.428000,4173.555,4172.848,2250,2250
2021-04-19 01:18:33.963000,4173.352,4172.897,2250,890
2021-04-19 01:18:34.013000,4173.346,4172.645,2250,2250
2021-04-19 01:19:03.918000,4173.252,4172.631,2250,890
2021-04-19 01:19:03.968000,4173.255,4172.542,2250,2250
2021-04-19 01:19:04.116000,4173.346,4172.648,2250,2250
2021-04-19 01:19:16.582000,4173.061,4172.652,2250,890
2021-04-19 01:19:16.633000,4173.058,4172.348,2250,2250
2021-04-19 01:19:29.396000,4173.346,4172.349,3610,3140
2021-04-19 01:19:29.446000,4173.355,4172.645,2250,2250
2021-04-19 01:20:04.543000,4173.067,4172.637,2250,890
2021-04-19 01:20:04.594000,4173.055,4172.351,2250,2250
2021-04-19 01:20:09.332000,4173.249,4172.349,3610,3140
2021-04-19 01:20:09.382000,4173.264,4172.536,2250,2250
2021-04-19 01:20:09.488000,4173.261,4172.649,2250,890
2021-04-19 01:20:09.539000,4173.361,4172.651,2250,2250
2021-04-19 01:20:10.008000,4173.064,4172.631,2250,890
2021-04-19 01:20:10.058000,4173.001,4172.354,2250,2250
2021-04-19 01:20:16.344000,4172.858,4172.397,2250,890
2021-04-19 01:20:16.394000,4172.855,4172.145,2250,2250
2021-04-19 01:20:33.032000,4173.001,4172.149,3610,3140
2021-04-19 01:20:33.082000,4173.049,4172.351,2250,2250
2021-04-19 01:20:41.730000,4173.349,4172.334,3610,3140
2021-04-19 01:20:41.781000,4173.358,4172.636,2250,2250
2021-04-19 01:20:43.154000,4173.049,4172.336,2250,2250
2021-04-19 01:20:54.378000,4172.958,4172.248,2250,2250
2021-04-19 01:20:54.511000,4172.964,4172.397,2250,890
2021-04-19 01:20:54.562000,4173.046,4172.336,2250,2250
2021-04-19 01:20:55.149000,4172.861,4172.349,2250,890
2021-04-19 01:20:55.199000,4172.861,4172.142,2250,2250
2021-04-19 01:20:56.429000,4173.001,4172.152,3610,3140
2021-04-19 01:20:56.479000,4173.001,4172.348,2250,2250
2021-04-19 01:20:58.863000,4172.849,4172.334,2250,890
2021-04-19 01:20:58.914000,4172.861,4172.154,2250,2250
2021-04-19 01:20:59.667000,4172.967,4172.152,3610,3140
2021-04-19 01:20:59.718000,4172.958,4172.233,2250,2250
2021-04-19 01:20:59.827000,4173.049,4172.234,3610,3140
2021-04-19 01:20:59.877000,4173.064,4172.399,2250,2250
2021-04-19 01:21:11.294000,4172.858,4172.343,2250,890
2021-04-19 01:21:11.345000,4172.846,4172.151,2250,2250
2021-04-19 01:21:13.323000,4172.901,4172.197,3610,3140
2021-04-19 01:21:13.373000,4172.961,4172.242,2250,2250
2021-04-19 01:21:13.529000,4173.061,4172.351,2250,2250
2021-04-19 01:21:13.963000,4172.958,4172.337,2250,890
2021-04-19 01:21:14.014000,4172.955,4172.248,2250,2250
2021-04-19 01:21:14.122000,4172.861,4172.237,2250,890
2021-04-19 01:21:14.173000,4172.861,4172.133,2250,2250
2021-04-19 01:21:16.171000,4173.058,4172.399,2250,2250
2021-04-19 01:21:17.998000,4172.858,4172.334,2250,890
2021-04-19 01:21:18.048000,4172.855,4172.139,2250,2250
2021-04-19 01:21:23.147000,4173.046,4172.14,3610,3140
2021-04-19 01:21:23.197000,4173.049,4172.345,2250,2250
2021-04-19 01:21:23.311000,4172.801,4172.145,2250,2250
2021-04-19 01:22:11.533000,4172.558,4172.197,2250,890
2021-04-19 01:22:11.583000,4172.567,4171.839,2250,2250
2021-04-19 01:22:17.852000,4172.564,4172.046,2250,890
2021-04-19 01:22:17.902000,4172.752,4172.039,2250,2250
2021-04-19 01:22:18.310000,4172.558,4172.046,2250,890
2021-04-19 01:22:18.360000,4172.555,4171.836,2250,2250
2021-04-19 01:22:19.372000,4172.767,4171.837,3610,3140
2021-04-19 01:22:19.422000,4172.752,4172.048,2250,2250
2021-04-19 01:22:20.367000,4172.561,4172.037,2250,890
2021-04-19 01:22:20.417000,4172.561,4171.833,2250,2250
2021-04-19 01:22:26.174000,4172.867,4172.199,2250,2250
2021-04-19 01:22:26.770000,4172.555,4172.149,2250,890
2021-04-19 01:22:26.821000,4172.552,4171.836,2250,2250
2021-04-19 01:22:27.494000,4172.849,4172.199,2250,2250
2021-04-19 01:22:54.236000,4172.546,4171.845,2250,2250
2021-04-19 01:23:03.043000,4172.567,4171.697,3610,3140
2021-04-19 01:23:03.094000,4172.358,4171.699,2250,2250
2021-04-19 01:23:04.180000,4172.501,4171.643,3610,3140
2021-04-19 01:23:04.230000,4172.501,4171.836,2250,2250
2021-04-19 01:23:12.432000,4172.358,4171.852,2250,890
2021-04-19 01:23:12.482000,4172.367,4171.633,2250,2250
2021-04-19 01:23:29.978000,4172.501,4171.634,3610,3140
2021-04-19 01:23:30.028000,4172.501,4171.839,2250,2250
2021-04-19 01:23:41.768000,4172.452,4171.754,2250,2250
2021-04-19 01:23:41.901000,4172.355,4171.734,2250,890
2021-04-19 01:23:41.952000,4172.301,4171.654,2250,2250
2021-04-19 01:23:43.507000,4172.458,4171.652,3610,3140
2021-04-19 01:23:43.557000,4172.461,4171.745,2250,2250
2021-04-19 01:23:44.409000,4172.564,4171.836,2250,2250
2021-04-19 01:23:48.243000,4172.355,4171.831,2250,890
2021-04-19 01:23:48.293000,4172.301,4171.654,2250,2250
2021-04-19 01:23:48.942000,4172.561,4171.637,3610,3140
2021-04-19 01:23:48.992000,4172.552,4171.854,2250,2250
2021-04-19 01:23:52.080000,4172.452,4171.837,2250,890
2021-04-19 01:23:52.131000,4172.458,4171.733,2250,2250
2021-04-19 01:23:53.321000,4172.501,4171.845,2250,2250
2021-04-19 01:23:59.406000,4172.361,4171.834,2250,890
2021-04-19 01:23:59.457000,4172.301,4171.636,2250,2250
2021-04-19 01:24:04.281000,4172.052,4171.637,2250,890
2021-04-19 01:24:04.331000,4172.001,4171.339,2250,2250
2021-04-19 01:24:04.987000,4172.358,4171.337,3610,3140
2021-04-19 01:24:05.038000,4172.364,4171.654,2250,2250
2021-04-19 01:24:15.108000,4172.067,4171.399,2250,2250
2021-04-19 01:24:18.106000,4172.361,4171.352,3610,3140
2021-04-19 01:24:18.156000,4172.364,4171.699,2250,2250
2021-04-19 01:24:27.415000,4172.252,4171.631,2250,890
2021-04-19 01:24:27.466000,4172.261,4171.554,2250,2250
2021-04-19 01:24:27.575000,4172.055,4171.552,2250,890
2021-04-19 01:24:27.625000,4172.064,4171.399,2250,2250
2021-04-19 01:24:37.884000,4172.364,4171.648,2250,2250
2021-04-19 01:24:42.534000,4172.055,4171.631,2250,890
2021-04-19 01:24:42.584000,4172.067,4171.342,2250,2250
2021-04-19 01:24:44.085000,4172.349,4171.343,3610,3140
2021-04-19 01:24:44.135000,4172.346,4171.639,2250,2250
2021-04-19 01:24:51.971000,4172.201,4171.64,2250,890
2021-04-19 01:24:52.021000,4172.261,4171.548,2250,2250
2021-04-19 01:24:52.213000,4172.058,4171.549,2250,890
2021-04-19 01:24:52.264000,4172.067,4171.351,2250,2250
2021-04-19 01:25:01.515000,4171.849,4171.346,2250,890
2021-04-19 01:25:01.565000,4171.852,4171.199,2250,2250
2021-04-19 01:25:04.289000,4171.567,4170.854,2250,2250
2021-04-19 01:25:20.559000,4171.561,4171.046,2250,890
2021-04-19 01:25:20.610000,4171.746,4171.039,2250,2250
2021-04-19 01:25:20.722000,4171.761,4171.14,2250,890
2021-04-19 01:25:20.772000,4171.861,4171.139,2250,2250
2021-04-19 01:25:23.375000,4171.555,4171.197,2250,890
2021-04-19 01:25:23.426000,4171.561,4170.836,2250,2250
2021-04-19 01:25:25.271000,4171.567,4171.143,2250,890
2021-04-19 01:25:25.322000,4171.852,4171.142,2250,2250
2021-04-19 01:25:25.434000,4171.867,4170.846,3610,3140
2021-04-19 01:25:25.484000,4171.561,4170.899,2250,2250
2021-04-19 01:25:35.771000,4171.858,4170.852,3610,3140
2021-04-19 01:25:35.822000,4171.858,4171.139,2250,2250
2021-04-19 01:25:35.928000,4171.564,4171.149,2250,890
2021-04-19 01:25:35.978000,4171.558,4170.845,2250,2250
2021-04-19 01:25:36.246000,4171.758,4170.849,3610,3140
2021-04-19 01:25:36.296000,4171.764,4171.048,2250,2250
2021-04-19 01:25:36.407000,4171.849,4171.046,3610,3140
2021-04-19 01:25:36.457000,4171.858,4171.142,2250,2250
2021-04-19 01:25:37.017000,4171.746,4171.143,2250,890
2021-04-19 01:25:37.067000,4171.752,4171.051,2250,2250
2021-04-19 01:25:37.178000,4171.801,4171.046,3610,3140
2021-04-19 01:25:37.229000,4171.801,4171.136,2250,2250
2021-04-19 01:25:37.634000,4171.749,4171.048,2250,2250
2021-04-19 01:25:37.964000,4171.858,4171.154,2250,2250
2021-04-19 01:25:44.343000,4172.064,4171.137,3610,3140
2021-04-19 01:25:44.394000,4172.061,4171.336,2250,2250
2021-04-19 01:25:45.077000,4171.858,4171.334,2250,890
2021-04-19 01:25:45.127000,4171.801,4171.145,2250,2250
2021-04-19 01:25:58.444000,4172.001,4171.399,2250,2250
2021-04-19 01:26:08.055000,4171.846,4171.337,2250,890
2021-04-19 01:26:08.106000,4171.864,4171.142,2250,2250
2021-04-19 01:26:08.536000,4171.867,4171.349,2250,890
2021-04-19 01:26:08.586000,4172.001,4171.339,2250,2250
2021-04-19 01:26:21.669000,4172.358,4171.337,3610,3140
2021-04-19 01:26:21.720000,4172.352,4171.642,2250,2250
2021-04-19 01:26:23.535000,4172.055,4171.634,2250,890
2021-04-19 01:26:23.586000,4172.058,4171.333,2250,2250
2021-04-19 01:26:24.376000,4172.349,4171.331,3610,3140
2021-04-19 01:26:24.426000,4172.367,4171.642,2250,2250
2021-04-19 01:26:24.942000,4172.249,4171.697,2250,890
2021-04-19 01:26:24.993000,4172.258,4171.545,2250,2250
2021-04-19 01:26:25.103000,4172.349,4171.54,3610,3140
2021-04-19 01:26:25.154000,4172.355,4171.654,2250,2250
2021-04-19 01:26:28.397000,4172.061,4171.637,2250,890
2021-04-19 01:26:28.447000,4172.052,4171.333,2250,2250
2021-04-19 01:26:29.183000,4172.267,4171.349,3610,3140
2021-04-19 01:26:29.233000,4172.255,4171.551,2250,2250
2021-04-19 01:26:30.162000,4172.249,4171.346,3610,3140
2021-04-19 01:26:30.212000,4172.061,4171.333,2250,2250
2021-04-19 01:27:03.404000,4171.849,4171.343,2250,890
2021-04-19 01:27:03.456000,4171.858,4171.145,2250,2250
2021-04-19 01:27:13.321000,4172.064,4171.197,3610,3140
2021-04-19 01:27:13.371000,4172.064,4171.351,2250,2250
2021-04-19 01:27:23.821000,4172.352,4171.331,3610,3140
2021-04-19 01:27:23.872000,4172.349,4171.642,2250,2250
2021-04-19 01:27:30.897000,4172.564,4171.839,2250,2250
2021-04-19 01:27:42.300000,4172.858,4171.843,3610,3140
2021-04-19 01:27:42.350000,4172.852,4172.133,2250,2250
2021-04-19 01:27:47.568000,4172.549,4172.14,2250,890
2021-04-19 01:27:47.618000,4172.555,4171.851,2250,2250
2021-04-19 01:27:51.695000,4172.864,4172.139,2250,2250
2021-04-19 01:27:52.822000,4172.561,4172.146,2250,890
2021-04-19 01:27:52.872000,4172.561,4171.845,2250,2250
2021-04-19 01:27:55.326000,4172.755,4172.051,2250,2250
2021-04-19 01:27:55.743000,4172.501,4172.034,2250,890
2021-04-19 01:27:55.793000,4172.558,4171.836,2250,2250
2021-04-19 01:28:06.636000,4172.846,4171.837,3610,3140
2021-04-19 01:28:06.687000,4172.861,4172.136,2250,2250
2021-04-19 01:28:07.112000,4172.852,4171.837,3610,3140
2021-04-19 01:28:07.162000,4172.555,4171.839,2250,2250
2021-04-19 01:28:12.267000,4172.701,4171.831,3610,3140
2021-04-19 01:28:12.318000,4172.761,4172.039,2250,2250
2021-04-19 01:28:12.429000,4172.558,4172.037,2250,890
2021-04-19 01:28:12.479000,4172.567,4171.842,2250,2250
2021-04-19 01:28:18.013000,4172.767,4171.897,3610,3140
2021-04-19 01:28:18.064000,4172.761,4172.033,2250,2250
2021-04-19 01:28:18.334000,4172.501,4172.034,2250,890
2021-04-19 01:28:18.385000,4172.552,4171.836,2250,2250
2021-04-19 01:28:29.195000,4172.301,4171.831,2250,890
2021-04-19 01:28:29.245000,4172.352,4171.699,2250,2250
2021-04-19 01:28:33.800000,4172.255,4171.652,2250,890
2021-04-19 01:28:33.850000,4172.255,4171.542,2250,2250
2021-04-19 01:28:34.466000,4172.355,4171.54,3610,3140
2021-04-19 01:28:34.516000,4172.352,4171.699,2250,2250
2021-04-19 01:28:48.171000,4172.461,4171.637,3610,3140
2021-04-19 01:28:48.221000,4172.461,4171.745,2250,2250
2021-04-19 01:28:48.330000,4172.361,4171.749,2250,890
2021-04-19 01:28:48.380000,4172.361,4171.654,2250,2250
2021-04-19 01:28:54.821000,4172.358,4171.843,2250,890
2021-04-19 01:28:54.872000,4172.567,4171.833,2250,2250
2021-04-19 01:28:59.372000,4172.301,4171.699,2250,2250
2021-04-19 01:29:09.064000,4172.061,4171.697,2250,890
2021-04-19 01:29:09.114000,4172.046,4171.399,2250,2250
2021-04-19 01:29:11.652000,4172.049,4171.637,2250,890
2021-04-19 01:29:11.702000,4172.364,4171.639,2250,2250
2021-04-19 01:29:12.288000,4172.361,4171.346,3610,3140
2021-04-19 01:29:12.338000,4172.049,4171.336,2250,2250
2021-04-19 01:29:12.448000,4172.355,4171.337,3610,3140
2021-04-19 01:29:12.498000,4172.364,4171.654,2250,2250
2021-04-19 01:29:14.942000,4172.201,4171.637,2250,890
2021-04-19 01:29:14.993000,4172.201,4171.599,2250,2250
2021-04-19 01:29:15.103000,4172.049,4171.534,2250,890
2021-04-19 01:29:15.153000,4172.061,4171.399,2250,2250
2021-04-19 01:29:15.546000,4172.264,4171.533,2250,2250
2021-04-19 01:29:15.876000,4172.364,4171.651,2250,2250
2021-04-19 01:29:26.784000,4172.567,4171.649,3610,3140
2021-04-19 01:29:26.834000,4172.555,4171.833,2250,2250
2021-04-19 01:29:27.242000,4172.464,4171.897,2250,890
2021-04-19 01:29:27.292000,4172.452,4171.742,2250,2250
2021-04-19 01:29:28.750000,4172.555,4171.839,2250,2250
2021-04-19 01:29:28.898000,4172.446,4171.843,2250,890
2021-04-19 01:29:28.948000,4172.461,4171.745,2250,2250
2021-04-19 01:29:29.421000,4172.567,4171.746,3610,3140
2021-04-19 01:29:29.472000,4172.552,4171.899,2250,2250
2021-04-19 01:29:48.225000,4172.861,4172.136,2250,2250
2021-04-19 01:29:55.625000,4172.552,4172.14,2250,890
2021-04-19 01:29:55.675000,4172.567,4171.854,2250,2250
2021-04-19 01:30:00.438000,4172.852,4172.133,2250,2250
2021-04-19 01:30:01.352000,4172.546,4172.143,2250,890
2021-04-19 01:30:01.403000,4172.558,4171.836,2250,2250
2021-04-19 01:30:02.483000,4172.355,4171.834,2250,890
2021-04-19 01:30:02.533000,4172.361,4171.651,2250,2250
2021-04-19 01:30:06.378000,4172.052,4171.342,2250,2250
2021-04-19 01:30:10.127000,4172.049,4171.643,2250,890
2021-04-19 01:30:10.177000,4172.364,4171.648,2250,2250
2021-04-19 01:30:12.518000,4172.255,4171.649,2250,890
2021-04-19 01:30:12.569000,4172.249,4171.539,2250,2250
2021-04-19 01:30:12.680000,4172.058,4171.543,2250,890
2021-04-19 01:30:12.730000,4172.067,4171.336,2250,2250
2021-04-19 01:30:23.598000,4171.849,4171.349,2250,890
2021-04-19 01:30:23.649000,4171.861,4171.148,2250,2250
2021-04-19 01:30:23.758000,4171.501,4171.134,2250,890
2021-04-19 01:30:23.808000,4171.501,4170.851,2250,2250
2021-04-19 01:30:29.060000,4171.546,4170.697,3610,3140
2021-04-19 01:30:29.111000,4171.355,4170.642,2250,2250
2021-04-19 01:30:33.066000,4171.552,4170.652,3610,3140
2021-04-19 01:30:33.116000,4171.561,4170.842,2250,2250
2021-04-19 01:30:43.029000,4171.855,4170.897,3610,3140
2021-04-19 01:30:43.079000,4171.852,4171.145,2250,2250
2021-04-19 01:30:43.349000,4171.761,4171.033,2250,2250
2021-04-19 01:30:43.495000,4171.752,4171.146,2250,890
2021-04-19 01:30:43.545000,4171.801,4171.145,2250,2250
2021-04-19 01:30:44.135000,4171.761,4171.137,2250,890
2021-04-19 01:30:44.185000,4171.746,4171.048,2250,2250
2021-04-19 01:30:44.339000,4171.861,4171.136,2250,2250
2021-04-19 01:30:44.453000,4171.755,4171.137,2250,890
2021-04-19 01:30:44.504000,4171.749,4171.099,2250,2250
2021-04-19 01:30:44.706000,4171.549,4171.049,2250,890
2021-04-19 01:30:44.756000,4171.555,4170.833,2250,2250
2021-04-19 01:30:45.827000,4171.552,4171.043,2250,890
2021-04-19 01:30:45.877000,4171.749,4171.039,2250,2250
2021-04-19 01:30:46.320000,4171.549,4170.899,2250,2250
2021-04-19 01:30:47.640000,4171.867,4171.199,2250,2250
2021-04-19 01:30:48.555000,4171.701,4171.152,2250,890
2021-04-19 01:30:48.605000,4171.758,4171.048,2250,2250
2021-04-19 01:30:48.960000,4171.852,4171.148,2250,2250
2021-04-19 01:30:51.123000,4171.958,4171.143,3610,3140
2021-04-19 01:30:51.174000,4171.952,4171.245,2250,2250
2021-04-19 01:30:51.283000,4171.958,4171.349,2250,890
2021-04-19 01:30:51.333000,4172.055,4171.336,2250,2250
2021-04-19 01:30:52.509000,4171.801,4171.397,2250,890
2021-04-19 01:30:52.559000,4171.864,4171.154,2250,2250
2021-04-19 01:30:53.073000,4171.955,4171.137,3610,3140
2021-04-19 01:30:53.123000,4171.946,4171.242,2250,2250
2021-04-19 01:30:53.250000,4172.064,4171.333,2250,2250
2021-04-19 01:31:01.565000,4172.061,4171.149,3610,3140
2021-04-19 01:31:01.615000,4171.855,4171.133,2250,2250
2021-04-19 01:31:04.754000,4171.864,4171.34,2250,890
2021-04-19 01:31:04.804000,4172.064,4171.351,2250,2250
2021-04-19 01:31:07.775000,4171.855,4171.145,2250,2250
2021-04-19 01:31:08.708000,4171.958,4171.134,3610,3140
2021-04-19 01:31:08.759000,4171.946,4171.248,2250,2250
2021-04-19 01:31:09.027000,4171.855,4171.231,2250,890
2021-04-19 01:31:09.077000,4171.801,4171.151,2250,2250
2021-04-19 01:31:09.188000,4172.046,4171.143,3610,3140
2021-04-19 01:31:09.238000,4172.061,4171.339,2250,2250
2021-04-19 01:31:10.219000,4171.861,4171.352,2250,890
2021-04-19 01:31:10.269000,4171.861,4171.142,2250,2250
2021-04-19 01:31:12.275000,4171.858,4171.034,3610,3140
2021-04-19 01:31:12.325000,4171.758,4171.048,2250,2250
2021-04-19 01:31:12.434000,4171.852,4171.043,3610,3140
2021-04-19 01:31:12.485000,4171.849,4171.136,2250,2250
2021-04-19 01:31:12.756000,4171.701,4171.197,2250,890
2021-04-19 01:31:12.806000,4171.701,4171.048,2250,2250
2021-04-19 01:31:12.916000,4171.764,4171.131,2250,890
2021-04-19 01:31:12.967000,4171.849,4171.142,2250,2250
2021-04-19 01:31:13.239000,4171.767,4171.143,2250,890
2021-04-19 01:31:13.289000,4171.752,4171.039,2250,2250
2021-04-19 01:31:13.398000,4171.761,4170.897,3610,3140
2021-04-19 01:31:13.448000,4171.555,4170.833,2250,2250
2021-04-19 01:31:14.272000,4171.567,4171.149,2250,890
2021-04-19 01:31:14.322000,4171.867,4171.145,2250,2250
2021-04-19 01:31:14.757000,4171.549,4171.14,2250,890
2021-04-19 01:31:14.807000,4171.564,4170.848,2250,2250
2021-04-19 01:31:14.913000,4171.852,4170.846,3610,3140
2021-04-19 01:31:14.964000,4171.864,4171.151,2250,2250
2021-04-19 01:31:30.062000,4171.855,4170.897,3610,3140
2021-04-19 01:31:30.112000,4171.558,4170.851,2250,2250
2021-04-19 01:31:37.019000,4171.752,4170.834,3610,3140
2021-04-19 01:31:37.070000,4171.767,4171.036,2250,2250
2021-04-19 01:31:37.189000,4171.555,4171.052,2250,890
2021-04-19 01:31:37.240000,4171.501,4170.845,2250,2250
2021-04-19 01:31:37.348000,4171.746,4170.852,3610,3140
2021-04-19 01:31:37.398000,4171.767,4171.039,2250,2250
2021-04-19 01:31:37.508000,4171.867,4171.037,3610,3140
2021-04-19 01:31:37.558000,4171.849,4171.133,2250,2250
2021-04-19 01:31:42.192000,4171.746,4171.152,2250,890
2021-04-19 01:31:42.242000,4171.752,4171.045,2250,2250
2021-04-19 01:31:42.351000,4171.849,4171.04,3610,3140
2021-04-19 01:31:42.402000,4171.849,4171.151,2250,2250
2021-04-19 01:31:42.512000,4171.861,4170.897,3610,3140
2021-04-19 01:31:42.563000,4171.546,4170.899,2250,2250
2021-04-19 01:31:47.490000,4171.461,4170.837,2250,890
2021-04-19 01:31:47.540000,4171.401,4170.742,2250,2250
2021-04-19 01:31:47.926000,4171.549,4170.734,3610,3140
2021-04-19 01:31:47.976000,4171.549,4170.851,2250,2250
2021-04-19 01:31:52.228000,4171.455,4170.837,2250,890
2021-04-19 01:31:52.279000,4171.461,4170.742,2250,2250
2021-04-19 01:31:52.390000,4171.546,4170.74,3610,3140
2021-04-19 01:31:52.441000,4171.555,4170.833,2250,2250
2021-04-19 01:31:59.600000,4171.858,4171.133,2250,2250
2021-04-19 01:32:00.209000,4171.561,4171.152,2250,890
2021-04-19 01:32:00.259000,4171.552,4170.845,2250,2250
2021-04-19 01:32:01.058000,4171.555,4170.637,3610,3140
2021-04-19 01:32:01.108000,4171.367,4170.654,2250,2250
2021-04-19 01:32:01.408000,4171.561,4170.652,3610,3140
2021-04-19 01:32:01.458000,4171.549,4170.839,2250,2250
2021-04-19 01:32:01.580000,4171.358,4170.645,2250,2250
2021-04-19 01:32:07.755000,4171.064,4170.643,2250,890
2021-04-19 01:32:07.805000,4171.058,4170.339,2250,2250
2021-04-19 01:32:08.068000,4171.267,4170.34,3610,3140
2021-04-19 01:32:08.119000,4171.267,4170.545,2250,2250
2021-04-19 01:32:08.229000,4171.361,4170.531,3610,3140
2021-04-19 01:32:08.279000,4171.355,4170.648,2250,2250
2021-04-19 01:32:08.388000,4171.255,4170.652,2250,890
2021-04-19 01:32:08.439000,4171.249,4170.545,2250,2250
2021-04-19 01:32:08.549000,4171.246,4170.697,2250,890
2021-04-19 01:32:08.599000,4171.346,4170.642,2250,2250
2021-04-19 01:32:09.509000,4171.046,4170.637,2250,890
2021-04-19 01:32:09.560000,4171.049,4170.354,2250,2250
2021-04-19 01:32:10.491000,4171.355,4170.642,2250,2250
2021-04-19 01:32:23.251000,4171.052,4170.643,2250,890
2021-04-19 01:32:23.301000,4171.049,4170.399,2250,2250
2021-04-19 01:32:23.449000,4171.058,4170.531,2250,890
2021-04-19 01:32:23.499000,4171.264,4170.545,2250,2250
2021-04-19 01:32:23.607000,4171.249,4170.649,2250,890
2021-04-19 01:32:23.658000,4171.352,4170.699,2250,2250
2021-04-19 01:32:27.051000,4171.061,4170.637,2250,890
2021-04-19 01:32:27.101000,4171.046,4170.399,2250,2250
2021-04-19 01:32:39.442000,4171.355,4170.397,3610,3140
2021-04-19 01:32:39.493000,4171.367,4170.636,2250,2250
2021-04-19 01:32:40.108000,4171.052,4170.646,2250,890
2021-04-19 01:32:40.159000,4171.046,4170.336,2250,2250
2021-04-19 01:32:41.423000,4171.055,4170.64,2250,890
2021-04-19 01:32:41.474000,4171.364,4170.699,2250,2250
2021-04-19 01:32:41.742000,4171.367,4170.337,3610,3140
2021-04-19 01:32:41.792000,4171.061,4170.345,2250,2250
2021-04-19 01:32:49.627000,4170.861,4170.337,2250,890
2021-04-19 01:32:49.677000,4170.864,4170.151,2250,2250
2021-04-19 01:32:50.109000,4170.949,4170.131,3610,3140
2021-04-19 01:32:50.160000,4170.964,4170.248,2250,2250
2021-04-19 01:32:50.937000,4171.067,4170.237,3610,3140
2021-04-19 01:32:50.988000,4171.001,4170.339,2250,2250
2021-04-19 01:32:51.098000,4171.061,4170.231,3610,3140
2021-04-19 01:32:51.148000,4170.964,4170.254,2250,2250
2021-04-19 01:32:51.445000,4171.001,4170.249,3610,3140
2021-04-19 01:32:51.495000,4171.049,4170.342,2250,2250
2021-04-19 01:32:54.617000,4171.352,4170.346,3610,3140
2021-04-19 01:32:54.667000,4171.364,4170.651,2250,2250
2021-04-19 01:32:54.981000,4171.361,4170.349,3610,3140
2021-04-19 01:32:55.031000,4171.055,4170.354,2250,2250
2021-04-19 01:32:57.064000,4171.301,4170.397,3610,3140
2021-04-19 01:32:57.115000,4171.361,4170.633,2250,2250
2021-04-19 01:32:58.023000,4170.849,4170.133,2250,2250
2021-04-19 01:32:58.158000,4171.052,4170.152,3610,3140
2021-04-19 01:32:58.209000,4171.049,4170.342,2250,2250
2021-04-19 01:33:00.436000,4170.849,4170.346,2250,890
2021-04-19 01:33:00.487000,4170.852,4170.199,2250,2250
2021-04-19 01:33:11.098000,4170.864,4170.297,2250,890
2021-04-19 01:33:11.149000,4170.901,4170.233,2250,2250
2021-04-19 01:33:11.261000,4170.955,4170.337,2250,890
2021-04-19 01:33:11.312000,4171.067,4170.354,2250,2250
2021-04-19 01:33:12.063000,4171.055,4170.137,3610,3140
2021-04-19 01:33:12.116000,4170.849,4170.151,2250,2250
