2021-04-06 00:00:01.141000,4081.803,4080.954,2710,4190
2021-04-06 00:00:01.192000,4081.864,4081.139,2250,2250
2021-04-06 00:00:01.316000,4081.649,4080.954,2250,2250
2021-04-06 00:00:01.459000,4081.651,4081.148,460,2250
2021-04-06 00:00:01.510000,4081.861,4081.199,2250,2250
2021-04-06 00:00:06.317000,4081.863,4081.439,460,2250
2021-04-06 00:00:06.369000,4082.101,4081.445,2250,2250
2021-04-06 00:00:07.257000,4081.864,4081.199,2250,2250
2021-04-06 00:00:11.718000,4081.863,4080.945,2710,4190
2021-04-06 00:00:11.768000,4081.655,4080.936,2250,2250
2021-04-06 00:00:12.359000,4081.66,4081.154,460,2250
2021-04-06 00:00:12.410000,4081.852,4081.151,2250,2250
2021-04-06 00:00:13.201000,4081.601,4080.945,2250,2250
2021-04-06 00:00:14.192000,4081.352,4080.645,2250,2250
2021-04-06 00:00:21.589000,4081.36,4080.951,460,2250
2021-04-06 00:00:21.640000,4081.601,4080.999,2250,2250
2021-04-06 00:00:21.909000,4081.648,4080.848,2710,4190
2021-04-06 00:00:21.959000,4081.564,4080.854,2250,2250
2021-04-06 00:00:22.112000,4081.649,4080.933,2250,2250
2021-04-06 00:00:25.001000,4081.669,4081.054,460,2250
2021-04-06 00:00:25.051000,4081.767,4081.099,2250,2250
2021-04-06 00:00:25.145000,4081.76,4081.139,460,2250
2021-04-06 00:00:25.196000,4081.867,4081.154,2250,2250
2021-04-06 00:00:25.639000,4081.803,4081.042,2710,4190
2021-04-06 00:00:25.689000,4081.749,4081.051,2250,2250
2021-04-06 00:00:25.798000,4081.754,4081.139,460,2250
2021-04-06 00:00:25.848000,4081.864,4081.154,2250,2250
2021-04-06 00:00:26.288000,4081.86,4080.936,2710,4190
2021-04-06 00:00:26.339000,4081.655,4080.954,2250,2250
2021-04-06 00:00:30.496000,4081.657,4080.651,2710,4190
2021-04-06 00:00:30.547000,4081.364,4080.651,2250,2250
2021-04-06 00:00:31.957000,4081.357,4080.939,460,2250
2021-04-06 00:00:32.008000,4081.649,4080.948,2250,2250
2021-04-06 00:00:35.229000,4081.648,4080.639,2710,4190
2021-04-06 00:00:35.279000,4081.358,4080.639,2250,2250
2021-04-06 00:00:37.369000,4081.646,4080.939,2250,2250
2021-04-06 00:00:39.946000,4081.501,4080.845,2250,2250
2021-04-06 00:00:40.075000,4081.557,4080.699,2710,4190
2021-04-06 00:00:40.125000,4081.364,4080.699,2250,2250
2021-04-06 00:00:40.607000,4081.558,4080.839,2250,2250
2021-04-06 00:00:41.473000,4081.551,4080.948,460,2250
2021-04-06 00:00:41.524000,4081.661,4080.942,2250,2250
2021-04-06 00:00:45.606000,4081.663,4081.139,460,2250
2021-04-06 00:00:45.657000,4081.846,4081.148,2250,2250
2021-04-06 00:00:53.523000,4081.803,4080.933,2710,4190
2021-04-06 00:00:53.574000,4081.664,4080.954,2250,2250
2021-04-06 00:01:00.311000,4081.648,4081.054,460,2250
2021-04-06 00:01:00.362000,4081.755,4081.042,2250,2250
2021-04-06 00:01:00.480000,4081.703,4080.942,2710,4190
2021-04-06 00:01:00.530000,4081.601,4080.936,2250,2250
2021-04-06 00:01:00.626000,4081.603,4081.148,460,2250
2021-04-06 00:01:00.676000,4081.801,4081.136,2250,2250
2021-04-06 00:01:01.431000,4081.661,4080.942,2250,2250
2021-04-06 00:01:01.588000,4081.669,4081.151,460,2250
2021-04-06 00:01:01.638000,4081.846,4081.145,2250,2250
2021-04-06 00:01:03.382000,4081.701,4081.099,2250,2250
2021-04-06 00:01:03.511000,4081.763,4081.199,460,2250
2021-04-06 00:01:03.561000,4081.852,4081.139,2250,2250
2021-04-06 00:01:03.713000,4081.667,4080.942,2250,2250
2021-04-06 00:01:06.734000,4081.663,4080.833,2710,4190
2021-04-06 00:01:06.785000,4081.546,4080.839,2250,2250
2021-04-06 00:01:06.894000,4081.557,4080.999,460,2250
2021-04-06 00:01:06.944000,4081.667,4080.939,2250,2250
2021-04-06 00:01:08.183000,4081.603,4080.654,2710,4190
2021-04-06 00:01:08.233000,4081.352,4080.654,2250,2250
2021-04-06 00:01:15.081000,4081.354,4080.436,2710,4190
2021-04-06 00:01:15.132000,4081.146,4080.445,2250,2250
2021-04-06 00:01:15.404000,4081.157,4080.639,460,2250
2021-04-06 00:01:15.454000,4081.361,4080.636,2250,2250
2021-04-06 00:01:23.262000,4081.369,4080.999,460,2250
2021-04-06 00:01:23.312000,4081.661,4080.933,2250,2250
2021-04-06 00:01:27.013000,4081.657,4081.133,460,2250
2021-04-06 00:01:27.063000,4081.846,4081.199,2250,2250
2021-04-06 00:01:35.973000,4081.86,4080.936,2710,4190
2021-04-06 00:01:36.024000,4081.649,4080.939,2250,2250
2021-04-06 00:01:42.331000,4081.358,4080.633,2250,2250
2021-04-06 00:02:02.039000,4081.303,4080.554,2710,4190
2021-04-06 00:02:02.089000,4081.267,4080.536,2250,2250
2021-04-06 00:02:02.197000,4081.167,4080.433,2250,2250
2021-04-06 00:02:09.506000,4081.148,4080.199,2710,4190
2021-04-06 00:02:09.557000,4080.855,4080.154,2250,2250
2021-04-06 00:02:10.478000,4080.848,4080.433,460,2250
2021-04-06 00:02:10.529000,4081.101,4080.439,2250,2250
2021-04-06 00:02:10.641000,4081.103,4080.142,2710,4190
2021-04-06 00:02:10.691000,4080.852,4080.145,2250,2250
2021-04-06 00:02:11.119000,4080.851,4080.499,460,2250
2021-04-06 00:02:11.170000,4081.164,4080.451,2250,2250
2021-04-06 00:02:11.988000,4081.16,4080.139,2710,4190
2021-04-06 00:02:12.038000,4080.861,4080.133,2250,2250
2021-04-06 00:02:12.709000,4080.851,4080.433,460,2250
2021-04-06 00:02:12.760000,4081.155,4080.454,2250,2250
2021-04-06 00:02:13.034000,4081.148,4080.142,2710,4190
2021-04-06 00:02:13.085000,4080.801,4080.199,2250,2250
2021-04-06 00:02:14.889000,4080.851,4079.942,2710,4190
2021-04-06 00:02:14.940000,4080.661,4079.954,2250,2250
2021-04-06 00:02:19.003000,4080.66,4080.145,460,2250
2021-04-06 00:02:19.053000,4080.852,4080.142,2250,2250
2021-04-06 00:02:19.327000,4080.851,4079.948,2710,4190
2021-04-06 00:02:19.378000,4080.664,4079.951,2250,2250
2021-04-06 00:02:26.896000,4080.301,4079.654,2250,2250
2021-04-06 00:02:30.989000,4080.554,4079.639,2710,4190
2021-04-06 00:02:31.040000,4080.555,4079.854,2250,2250
2021-04-06 00:02:31.188000,4080.601,4079.945,2250,2250
2021-04-06 00:02:31.623000,4080.669,4079.642,2710,4190
2021-04-06 00:02:31.673000,4080.349,4079.645,2250,2250
2021-04-06 00:02:32.103000,4080.36,4079.951,460,2250
2021-04-06 00:02:32.154000,4080.649,4079.939,2250,2250
2021-04-06 00:02:40.770000,4080.669,4080.145,460,2250
2021-04-06 00:02:40.821000,4080.846,4080.133,2250,2250
2021-04-06 00:02:47.321000,4080.866,4079.951,2710,4190
2021-04-06 00:02:47.371000,4080.649,4079.933,2250,2250
2021-04-06 00:02:47.480000,4080.654,4080.145,460,2250
2021-04-06 00:02:47.531000,4080.867,4080.139,2250,2250
2021-04-06 00:02:57.001000,4080.866,4079.954,2710,4190
2021-04-06 00:02:57.051000,4080.601,4079.933,2250,2250
2021-04-06 00:03:14.825000,4080.666,4079.648,2710,4190
2021-04-06 00:03:14.875000,4080.364,4079.636,2250,2250
2021-04-06 00:03:16.959000,4080.667,4079.942,2250,2250
2021-04-06 00:03:20.955000,4080.352,4079.645,2250,2250
2021-04-06 00:03:24.181000,4080.354,4079.436,2710,4190
2021-04-06 00:03:24.232000,4080.164,4079.454,2250,2250
2021-04-06 00:03:24.502000,4080.169,4079.136,2710,4190
2021-04-06 00:03:24.553000,4079.858,4079.199,2250,2250
2021-04-06 00:03:31.955000,4079.851,4079.499,460,2250
2021-04-06 00:03:32.005000,4080.155,4079.442,2250,2250
2021-04-06 00:03:39.439000,4080.103,4079.139,2710,4190
2021-04-06 00:03:39.489000,4079.855,4079.151,2250,2250
2021-04-06 00:03:52.739000,4079.661,4078.945,2250,2250
2021-04-06 00:03:53.650000,4079.663,4078.633,2710,4190
2021-04-06 00:03:53.700000,4079.349,4078.648,2250,2250
2021-04-06 00:03:59.365000,4079.669,4078.636,2710,4190
2021-04-06 00:03:59.416000,4079.667,4078.954,2250,2250
2021-04-06 00:03:59.846000,4079.648,4078.654,2710,4190
2021-04-06 00:03:59.897000,4079.352,4078.645,2250,2250
2021-04-06 00:04:01.127000,4079.36,4078.951,460,2250
2021-04-06 00:04:01.177000,4079.601,4078.933,2250,2250
2021-04-06 00:04:10.234000,4079.867,4079.133,2250,2250
2021-04-06 00:04:13.275000,4079.86,4078.942,2710,4190
2021-04-06 00:04:13.325000,4079.652,4078.951,2250,2250
2021-04-06 00:04:13.436000,4079.66,4079.139,460,2250
2021-04-06 00:04:13.487000,4079.858,4079.142,2250,2250
2021-04-06 00:04:13.990000,4079.863,4078.933,2710,4190
2021-04-06 00:04:14.051000,4079.667,4078.939,2250,2250
2021-04-06 00:04:15.709000,4079.651,4079.039,460,2250
2021-04-06 00:04:15.760000,4079.758,4079.042,2250,2250
2021-04-06 00:04:16.856000,4079.763,4079.133,460,2250
2021-04-06 00:04:16.907000,4079.861,4079.151,2250,2250
2021-04-06 00:04:20.590000,4079.857,4079.433,460,2250
2021-04-06 00:04:20.641000,4080.101,4079.451,2250,2250
2021-04-06 00:04:21.728000,4080.169,4079.351,2710,4190
2021-04-06 00:04:21.778000,4080.064,4079.336,2250,2250
2021-04-06 00:04:21.888000,4080.048,4079.436,460,2250
2021-04-06 00:04:21.938000,4080.149,4079.439,2250,2250
2021-04-06 00:04:23.880000,4080.16,4079.651,460,2250
2021-04-06 00:04:23.931000,4080.367,4079.642,2250,2250
2021-04-06 00:04:30.950000,4080.357,4079.442,2710,4190
2021-04-06 00:04:31.001000,4080.155,4079.451,2250,2250
2021-04-06 00:04:31.431000,4080.16,4079.651,460,2250
2021-04-06 00:04:31.481000,4080.358,4079.636,2250,2250
2021-04-06 00:04:32.687000,4080.155,4079.433,2250,2250
2021-04-06 00:04:33.347000,4080.346,4079.639,2250,2250
2021-04-06 00:04:33.778000,4080.357,4079.433,2710,4190
2021-04-06 00:04:33.829000,4080.164,4079.499,2250,2250
2021-04-06 00:04:36.057000,4080.169,4079.699,460,2250
2021-04-06 00:04:36.107000,4080.361,4079.633,2250,2250
2021-04-06 00:05:11.197000,4080.369,4079.933,460,2250
2021-04-06 00:05:11.247000,4080.601,4079.939,2250,2250
2021-04-06 00:05:13.662000,4080.669,4079.651,2710,4190
2021-04-06 00:05:13.713000,4080.349,4079.654,2250,2250
2021-04-06 00:05:22.351000,4080.348,4079.939,460,2250
2021-04-06 00:05:22.401000,4080.661,4079.936,2250,2250
2021-04-06 00:05:23.766000,4080.651,4079.633,2710,4190
2021-04-06 00:05:23.816000,4080.349,4079.699,2250,2250
2021-04-06 00:05:36.410000,4080.369,4079.936,460,2250
2021-04-06 00:05:36.460000,4080.661,4079.954,2250,2250
2021-04-06 00:05:42.334000,4080.355,4079.654,2250,2250
2021-04-06 00:05:48.114000,4080.369,4079.954,460,2250
2021-04-06 00:05:48.164000,4080.667,4079.945,2250,2250
2021-04-06 00:05:51.696000,4080.666,4079.699,2710,4190
2021-04-06 00:05:51.746000,4080.367,4079.651,2250,2250
2021-04-06 00:05:58.616000,4080.36,4079.499,2710,4190
2021-04-06 00:05:58.666000,4080.161,4079.439,2250,2250
2021-04-06 00:05:58.775000,4080.157,4079.642,460,2250
2021-04-06 00:05:58.825000,4080.349,4079.636,2250,2250
2021-04-06 00:06:01.834000,4080.348,4079.439,2710,4190
2021-04-06 00:06:01.884000,4080.155,4079.442,2250,2250
2021-04-06 00:06:07.032000,4080.169,4079.151,2710,4190
2021-04-06 00:06:07.083000,4079.861,4079.136,2250,2250
2021-04-06 00:06:07.513000,4079.854,4079.442,460,2250
2021-04-06 00:06:07.563000,4080.161,4079.451,2250,2250
2021-04-06 00:06:07.674000,4080.151,4079.154,2710,4190
2021-04-06 00:06:07.724000,4079.849,4079.139,2250,2250
2021-04-06 00:06:08.223000,4079.854,4079.354,460,2250
2021-04-06 00:06:08.274000,4080.055,4079.351,2250,2250
2021-04-06 00:06:08.410000,4079.867,4079.136,2250,2250
2021-04-06 00:06:16.096000,4079.854,4078.945,2710,4190
2021-04-06 00:06:16.146000,4079.601,4078.999,2250,2250
2021-04-06 00:06:25.424000,4079.654,4079.136,460,2250
2021-04-06 00:06:25.474000,4079.849,4079.151,2250,2250
2021-04-06 00:07:08.923000,4079.86,4079.342,460,2250
2021-04-06 00:07:08.973000,4080.067,4079.339,2250,2250
2021-04-06 00:07:09.078000,4080.069,4079.439,460,2250
2021-04-06 00:07:09.129000,4080.152,4079.436,2250,2250
2021-04-06 00:07:46.271000,4080.151,4079.133,2710,4190
2021-04-06 00:07:46.321000,4079.861,4079.199,2250,2250
2021-04-06 00:07:46.447000,4080.167,4079.451,2250,2250
2021-04-06 00:07:51.096000,4080.157,4079.133,2710,4190
2021-04-06 00:07:51.147000,4079.849,4079.145,2250,2250
2021-04-06 00:08:00.717000,4079.848,4078.942,2710,4190
2021-04-06 00:08:00.767000,4079.649,4078.939,2250,2250
2021-04-06 00:08:01.039000,4079.769,4078.933,2710,4190
2021-04-06 00:08:01.089000,4079.749,4079.099,2250,2250
2021-04-06 00:08:01.197000,4079.703,4078.945,2710,4190
2021-04-06 00:08:01.248000,4079.601,4078.945,2250,2250
2021-04-06 00:08:04.602000,4079.852,4079.133,2250,2250
2021-04-06 00:08:09.993000,4079.869,4079.451,460,2250
2021-04-06 00:08:10.043000,4080.101,4079.436,2250,2250
2021-04-06 00:08:21.931000,4080.369,4079.445,2710,4190
2021-04-06 00:08:21.981000,4080.367,4079.633,2250,2250
2021-04-06 00:08:26.846000,4080.348,4079.451,2710,4190
2021-04-06 00:08:26.896000,4080.146,4079.454,2250,2250
2021-04-06 00:08:27.640000,4080.157,4079.633,460,2250
2021-04-06 00:08:27.691000,4080.352,4079.636,2250,2250
2021-04-06 00:08:37.612000,4080.655,4079.939,2250,2250
2021-04-06 00:08:40.380000,4080.66,4079.648,2710,4190
2021-04-06 00:08:40.431000,4080.355,4079.642,2250,2250
2021-04-06 00:08:41.502000,4080.36,4079.939,460,2250
2021-04-06 00:08:41.553000,4080.655,4079.948,2250,2250
2021-04-06 00:08:43.336000,4080.603,4079.636,2710,4190
2021-04-06 00:08:43.386000,4080.364,4079.645,2250,2250
2021-04-06 00:08:43.688000,4080.351,4079.839,460,2250
2021-04-06 00:08:43.738000,4080.501,4079.848,2250,2250
2021-04-06 00:08:43.886000,4080.658,4079.942,2250,2250
2021-04-06 00:08:46.322000,4080.603,4079.654,2710,4190
2021-04-06 00:08:46.372000,4080.301,4079.645,2250,2250
2021-04-06 00:08:53.460000,4080.161,4079.442,2250,2250
2021-04-06 00:08:54.909000,4080.154,4079.633,460,2250
2021-04-06 00:08:54.959000,4080.361,4079.651,2250,2250
2021-04-06 00:08:59.109000,4080.303,4079.599,2710,4190
2021-04-06 00:08:59.160000,4080.267,4079.542,2250,2250
2021-04-06 00:08:59.268000,4080.257,4079.642,460,2250
2021-04-06 00:08:59.319000,4080.355,4079.654,2250,2250
2021-04-06 00:08:59.784000,4080.366,4079.451,2710,4190
2021-04-06 00:08:59.834000,4080.155,4079.439,2250,2250
2021-04-06 00:09:00.527000,4080.148,4079.642,460,2250
2021-04-06 00:09:00.577000,4080.349,4079.639,2250,2250
2021-04-06 00:09:03.057000,4080.348,4079.542,2710,4190
2021-04-06 00:09:03.108000,4080.252,4079.533,2250,2250
2021-04-06 00:09:03.213000,4080.257,4079.648,460,2250
2021-04-06 00:09:03.263000,4080.364,4079.651,2250,2250
2021-04-06 00:09:03.703000,4080.354,4079.436,2710,4190
2021-04-06 00:09:03.754000,4080.101,4079.433,2250,2250
2021-04-06 00:09:07.700000,4080.103,4079.133,2710,4190
2021-04-06 00:09:07.750000,4079.864,4079.151,2250,2250
2021-04-06 00:09:10.514000,4079.857,4079.436,460,2250
2021-04-06 00:09:10.565000,4080.152,4079.433,2250,2250
2021-04-06 00:09:10.753000,4080.003,4079.448,460,2250
2021-04-06 00:09:10.803000,4080.055,4079.336,2250,2250
2021-04-06 00:09:10.905000,4080.057,4079.136,2710,4190
2021-04-06 00:09:10.956000,4079.846,4079.154,2250,2250
2021-04-06 00:09:22.002000,4079.869,4078.948,2710,4190
2021-04-06 00:09:22.052000,4079.655,4078.948,2250,2250
2021-04-06 00:09:22.324000,4079.663,4078.642,2710,4190
2021-04-06 00:09:22.374000,4079.364,4078.699,2250,2250
2021-04-06 00:09:23.169000,4079.652,4078.954,2250,2250
2021-04-06 00:09:23.445000,4079.669,4079.154,460,2250
2021-04-06 00:09:23.496000,4079.801,4079.199,2250,2250
2021-04-06 00:09:29.804000,4079.869,4078.945,2710,4190
2021-04-06 00:09:29.855000,4079.667,4078.933,2250,2250
2021-04-06 00:09:31.693000,4079.666,4078.699,2710,4190
2021-04-06 00:09:31.744000,4079.367,4078.645,2250,2250
2021-04-06 00:09:31.841000,4079.348,4078.939,460,2250
2021-04-06 00:09:31.892000,4079.646,4078.939,2250,2250
2021-04-06 00:09:33.220000,4079.654,4078.648,2710,4190
2021-04-06 00:09:33.271000,4079.349,4078.645,2250,2250
2021-04-06 00:09:38.942000,4079.366,4078.939,460,2250
2021-04-06 00:09:38.993000,4079.646,4078.951,2250,2250
2021-04-06 00:09:39.673000,4079.564,4078.833,2250,2250
2021-04-06 00:09:39.947000,4079.548,4078.645,2710,4190
2021-04-06 00:09:39.997000,4079.364,4078.636,2250,2250
2021-04-06 00:09:41.112000,4079.363,4078.939,460,2250
2021-04-06 00:09:41.163000,4079.658,4078.999,2250,2250
2021-04-06 00:09:44.232000,4079.669,4078.845,2710,4190
2021-04-06 00:09:44.283000,4079.561,4078.848,2250,2250
2021-04-06 00:09:44.394000,4079.554,4078.645,2710,4190
2021-04-06 00:09:44.444000,4079.364,4078.699,2250,2250
2021-04-06 00:09:48.585000,4079.149,4078.442,2250,2250
2021-04-06 00:09:53.921000,4079.16,4078.136,2710,4190
2021-04-06 00:09:53.971000,4078.852,4078.142,2250,2250
2021-04-06 00:09:59.841000,4078.857,4078.439,460,2250
2021-04-06 00:09:59.891000,4079.149,4078.451,2250,2250
2021-04-06 00:10:00.155000,4079.163,4078.148,2710,4190
2021-04-06 00:10:00.206000,4078.849,4078.148,2250,2250
2021-04-06 00:10:00.316000,4078.851,4078.351,460,2250
2021-04-06 00:10:00.366000,4079.052,4078.399,2250,2250
2021-04-06 00:10:00.474000,4079.066,4078.145,2710,4190
2021-04-06 00:10:00.524000,4078.801,4078.154,2250,2250
2021-04-06 00:10:03.626000,4078.863,4078.339,460,2250
2021-04-06 00:10:03.676000,4079.055,4078.348,2250,2250
2021-04-06 00:10:03.783000,4079.066,4078.436,460,2250
2021-04-06 00:10:03.833000,4079.152,4078.436,2250,2250
2021-04-06 00:10:06.079000,4079.364,4078.699,2250,2250
2021-04-06 00:10:12.050000,4079.351,4078.499,2710,4190
2021-04-06 00:10:12.100000,4079.101,4078.433,2250,2250
2021-04-06 00:10:14.998000,4079.148,4078.133,2710,4190
2021-04-06 00:10:15.048000,4078.858,4078.145,2250,2250
2021-04-06 00:10:15.510000,4078.851,4078.445,460,2250
2021-04-06 00:10:15.561000,4079.164,4078.436,2250,2250
2021-04-06 00:10:25.768000,4079.169,4078.348,2710,4190
2021-04-06 00:10:25.818000,4079.067,4078.399,2250,2250
2021-04-06 00:10:25.930000,4078.858,4078.145,2250,2250
2021-04-06 00:10:52.418000,4078.851,4078.445,460,2250
2021-04-06 00:10:52.468000,4079.146,4078.436,2250,2250
2021-04-06 00:11:00.140000,4079.103,4078.154,2710,4190
2021-04-06 00:11:00.190000,4078.846,4078.136,2250,2250
2021-04-06 00:11:16.612000,4079.151,4078.148,2710,4190
2021-04-06 00:11:16.662000,4079.167,4078.433,2250,2250
2021-04-06 00:11:37.123000,4079.169,4078.133,2710,4190
2021-04-06 00:11:37.173000,4078.852,4078.142,2250,2250
2021-04-06 00:11:39.391000,4078.863,4078.445,460,2250
2021-04-06 00:11:39.441000,4079.155,4078.454,2250,2250
2021-04-06 00:11:42.225000,4078.854,4078.436,460,2250
2021-04-06 00:11:42.275000,4078.801,4078.151,2250,2250
2021-04-06 00:11:42.382000,4078.863,4078.433,460,2250
2021-04-06 00:11:42.432000,4079.161,4078.454,2250,2250
2021-04-06 00:11:47.503000,4079.166,4078.151,2710,4190
2021-04-06 00:11:47.553000,4078.858,4078.154,2250,2250
2021-04-06 00:11:47.666000,4078.854,4078.351,460,2250
2021-04-06 00:11:47.717000,4079.055,4078.345,2250,2250
2021-04-06 00:11:47.820000,4079.048,4078.145,2710,4190
2021-04-06 00:11:47.870000,4078.849,4078.148,2250,2250
2021-04-06 00:11:52.708000,4079.152,4078.445,2250,2250
2021-04-06 00:12:20.366000,4079.157,4078.151,2710,4190
2021-04-06 00:12:20.416000,4078.852,4078.136,2250,2250
2021-04-06 00:12:26.324000,4078.651,4078.151,460,2250
2021-04-06 00:12:26.374000,4078.655,4077.942,2250,2250
2021-04-06 00:12:37.287000,4078.654,4077.851,2710,4190
2021-04-06 00:12:37.337000,4078.564,4077.848,2250,2250
2021-04-06 00:12:37.531000,4078.554,4077.642,2710,4190
2021-04-06 00:12:37.582000,4078.301,4077.636,2250,2250
2021-04-06 00:12:38.817000,4078.369,4077.499,2710,4190
2021-04-06 00:12:38.867000,4078.152,4077.439,2250,2250
2021-04-06 00:12:39.055000,4078.103,4076.936,2710,4190
2021-04-06 00:12:39.105000,4077.601,4076.951,2250,2250
2021-04-06 00:12:39.248000,4077.867,4077.151,2250,2250
2021-04-06 00:12:41.266000,4077.803,4077.042,2710,4190
2021-04-06 00:12:41.316000,4077.701,4077.039,2250,2250
2021-04-06 00:12:41.427000,4077.766,4076.942,2710,4190
2021-04-06 00:12:41.477000,4077.652,4076.954,2250,2250
2021-04-06 00:12:41.836000,4077.669,4077.151,460,2250
2021-04-06 00:12:41.886000,4077.852,4077.139,2250,2250
2021-04-06 00:13:10.278000,4077.658,4076.999,2250,2250
2021-04-06 00:13:16.619000,4077.657,4077.151,460,2250
2021-04-06 00:13:16.669000,4077.801,4077.154,2250,2250
2021-04-06 00:13:28.369000,4077.863,4076.939,2710,4190
2021-04-06 00:13:28.419000,4077.646,4076.939,2250,2250
2021-04-06 00:13:28.689000,4077.663,4077.199,460,2250
2021-04-06 00:13:28.739000,4077.867,4077.145,2250,2250
2021-04-06 00:13:28.850000,4077.854,4076.942,2710,4190
2021-04-06 00:13:28.900000,4077.652,4076.954,2250,2250
2021-04-06 00:13:29.323000,4077.651,4077.099,460,2250
2021-04-06 00:13:29.373000,4077.701,4077.048,2250,2250
2021-04-06 00:13:30.081000,4077.852,4077.151,2250,2250
2021-04-06 00:13:39.913000,4077.803,4077.448,460,2250
2021-04-06 00:13:39.964000,4078.155,4077.451,2250,2250
2021-04-06 00:13:51.893000,4078.154,4077.148,2710,4190
2021-04-06 00:13:51.944000,4077.801,4077.136,2250,2250
2021-04-06 00:13:53.775000,4077.648,4077.148,460,2250
2021-04-06 00:13:53.825000,4077.601,4076.954,2250,2250
2021-04-06 00:13:53.935000,4077.66,4077.154,460,2250
2021-04-06 00:13:53.986000,4077.801,4077.145,2250,2250
2021-04-06 00:13:55.539000,4077.863,4076.999,2710,4190
2021-04-06 00:13:55.589000,4077.667,4076.945,2250,2250
2021-04-06 00:14:06.110000,4077.651,4076.639,2710,4190
2021-04-06 00:14:06.161000,4077.358,4076.651,2250,2250
2021-04-06 00:14:08.535000,4077.357,4076.936,460,2250
2021-04-06 00:14:08.585000,4077.658,4076.951,2250,2250
2021-04-06 00:14:14.904000,4077.669,4077.145,460,2250
2021-04-06 00:14:14.955000,4077.861,4077.145,2250,2250
2021-04-06 00:14:27.705000,4077.803,4077.448,460,2250
2021-04-06 00:14:27.755000,4078.146,4077.448,2250,2250
2021-04-06 00:14:40.080000,4078.103,4077.642,460,2250
2021-04-06 00:14:40.130000,4078.355,4077.645,2250,2250
2021-04-06 00:14:44.060000,4078.351,4077.545,2710,4190
2021-04-06 00:14:44.111000,4078.249,4077.539,2250,2250
2021-04-06 00:14:44.402000,4078.266,4077.699,460,2250
2021-04-06 00:14:44.452000,4078.364,4077.639,2250,2250
2021-04-06 00:14:49.966000,4078.158,4077.451,2250,2250
2021-04-06 00:14:51.149000,4078.166,4077.551,460,2250
2021-04-06 00:14:51.200000,4078.258,4077.599,2250,2250
2021-04-06 00:14:51.342000,4078.257,4077.654,460,2250
2021-04-06 00:14:51.392000,4078.358,4077.642,2250,2250
2021-04-06 00:14:53.188000,4078.348,4077.448,2710,4190
2021-04-06 00:14:53.239000,4078.152,4077.451,2250,2250
2021-04-06 00:14:56.237000,4078.364,4077.651,2250,2250
2021-04-06 00:14:57.430000,4078.303,4077.545,2710,4190
2021-04-06 00:14:57.481000,4078.246,4077.536,2250,2250
2021-04-06 00:14:57.593000,4078.248,4077.436,2710,4190
2021-04-06 00:14:57.643000,4078.161,4077.442,2250,2250
2021-04-06 00:15:00.199000,4078.255,4077.536,2250,2250
2021-04-06 00:15:00.346000,4078.254,4077.442,2710,4190
2021-04-06 00:15:00.396000,4078.149,4077.454,2250,2250
2021-04-06 00:15:00.528000,4078.352,4077.699,2250,2250
2021-04-06 00:15:02.683000,4078.169,4077.699,460,2250
2021-04-06 00:15:02.733000,4078.149,4077.442,2250,2250
2021-04-06 00:15:03.963000,4078.169,4077.339,2710,4190
2021-04-06 00:15:04.013000,4078.058,4077.342,2250,2250
2021-04-06 00:15:04.161000,4077.801,4077.151,2250,2250
2021-04-06 00:15:05.186000,4077.86,4076.945,2710,4190
2021-04-06 00:15:05.236000,4077.649,4076.945,2250,2250
2021-04-06 00:15:06.336000,4077.669,4076.648,2710,4190
2021-04-06 00:15:06.386000,4077.349,4076.642,2250,2250
2021-04-06 00:15:11.794000,4077.366,4076.436,2710,4190
2021-04-06 00:15:11.844000,4077.149,4076.439,2250,2250
2021-04-06 00:15:14.005000,4077.166,4076.633,460,2250
2021-04-06 00:15:14.056000,4077.367,4076.651,2250,2250
2021-04-06 00:15:15.242000,4077.363,4076.999,460,2250
2021-04-06 00:15:15.292000,4077.601,4076.954,2250,2250
2021-04-06 00:15:15.561000,4077.654,4077.145,460,2250
2021-04-06 00:15:15.611000,4077.864,4077.139,2250,2250
2021-04-06 00:15:20.247000,4077.851,4076.951,2710,4190
2021-04-06 00:15:20.297000,4077.664,4076.936,2250,2250
2021-04-06 00:15:24.444000,4077.855,4077.199,2250,2250
2021-04-06 00:15:24.957000,4077.667,4076.951,2250,2250
2021-04-06 00:15:25.406000,4077.648,4077.154,460,2250
2021-04-06 00:15:25.456000,4077.867,4077.148,2250,2250
2021-04-06 00:15:26.467000,4077.854,4076.945,2710,4190
2021-04-06 00:15:26.518000,4077.652,4076.939,2250,2250
2021-04-06 00:15:28.164000,4077.666,4077.139,460,2250
2021-04-06 00:15:28.215000,4077.864,4077.142,2250,2250
2021-04-06 00:15:29.458000,4077.86,4077.436,460,2250
2021-04-06 00:15:29.509000,4078.164,4077.445,2250,2250
2021-04-06 00:15:29.777000,4078.163,4077.154,2710,4190
2021-04-06 00:15:29.827000,4077.855,4077.139,2250,2250
2021-04-06 00:15:31.829000,4077.866,4076.933,2710,4190
2021-04-06 00:15:31.880000,4077.601,4076.939,2250,2250
2021-04-06 00:15:32.488000,4077.654,4076.639,2710,4190
2021-04-06 00:15:32.539000,4077.361,4076.651,2250,2250
2021-04-06 00:15:34.091000,4077.36,4076.948,460,2250
2021-04-06 00:15:34.142000,4077.661,4076.942,2250,2250
2021-04-06 00:15:40.496000,4077.666,4077.133,460,2250
2021-04-06 00:15:40.547000,4077.846,4077.151,2250,2250
2021-04-06 00:15:40.647000,4078.157,4077.151,2710,4190
2021-04-06 00:15:40.698000,4078.101,4077.445,2250,2250
2021-04-06 00:15:40.967000,4078.103,4077.199,2710,4190
2021-04-06 00:15:41.018000,4077.846,4077.142,2250,2250
2021-04-06 00:15:41.132000,4077.857,4077.448,460,2250
2021-04-06 00:15:41.182000,4078.101,4077.433,2250,2250
2021-04-06 00:15:42.669000,4078.16,4077.154,2710,4190
2021-04-06 00:15:42.720000,4077.852,4077.139,2250,2250
2021-04-06 00:15:43.459000,4078.164,4077.454,2250,2250
2021-04-06 00:15:45.423000,4077.849,4077.133,2250,2250
2021-04-06 00:15:52.158000,4077.851,4076.951,2710,4190
2021-04-06 00:15:52.209000,4077.661,4076.942,2250,2250
2021-04-06 00:15:56.901000,4077.651,4077.133,460,2250
2021-04-06 00:15:56.952000,4077.852,4077.139,2250,2250
2021-04-06 00:15:58.796000,4077.863,4076.936,2710,4190
2021-04-06 00:15:58.846000,4077.667,4076.936,2250,2250
2021-04-06 00:16:00.007000,4077.651,4077.151,460,2250
2021-04-06 00:16:00.057000,4077.852,4077.148,2250,2250
2021-04-06 00:16:00.987000,4077.863,4077.451,460,2250
2021-04-06 00:16:01.038000,4078.101,4077.448,2250,2250
2021-04-06 00:16:03.393000,4078.366,4077.448,2710,4190
2021-04-06 00:16:03.444000,4078.358,4077.642,2250,2250
2021-04-06 00:16:03.908000,4078.655,4077.933,2250,2250
2021-04-06 00:16:04.975000,4078.669,4078.148,460,2250
2021-04-06 00:16:05.025000,4078.846,4078.145,2250,2250
2021-04-06 00:16:05.937000,4078.803,4078.448,460,2250
2021-04-06 00:16:05.987000,4079.167,4078.451,2250,2250
2021-04-06 00:16:08.258000,4079.157,4078.539,460,2250
2021-04-06 00:16:08.309000,4079.267,4078.554,2250,2250
2021-04-06 00:16:08.746000,4079.254,4078.451,2710,4190
2021-04-06 00:16:08.797000,4079.152,4078.433,2250,2250
2021-04-06 00:16:10.978000,4079.157,4078.554,460,2250
2021-04-06 00:16:11.028000,4079.267,4078.545,2250,2250
2021-04-06 00:16:11.170000,4079.155,4078.448,2250,2250
2021-04-06 00:16:11.499000,4079.201,4078.551,2250,2250
2021-04-06 00:16:11.652000,4079.266,4078.439,2710,4190
2021-04-06 00:16:11.702000,4079.155,4078.433,2250,2250
2021-04-06 00:16:14.855000,4079.154,4078.139,2710,4190
2021-04-06 00:16:14.905000,4078.864,4078.136,2250,2250
2021-04-06 00:16:16.780000,4079.161,4078.454,2250,2250
2021-04-06 00:16:16.999000,4079.103,4078.142,2710,4190
2021-04-06 00:16:17.049000,4078.849,4078.136,2250,2250
2021-04-06 00:16:17.809000,4078.86,4078.399,460,2250
2021-04-06 00:16:17.860000,4079.067,4078.339,2250,2250
2021-04-06 00:16:18.219000,4079.003,4078.151,2710,4190
2021-04-06 00:16:18.269000,4078.801,4078.142,2250,2250
2021-04-06 00:16:18.535000,4078.851,4078.354,460,2250
2021-04-06 00:16:18.585000,4079.064,4078.354,2250,2250
2021-04-06 00:16:18.979000,4079.051,4078.436,460,2250
2021-04-06 00:16:19.029000,4079.158,4078.448,2250,2250
2021-04-06 00:16:19.458000,4079.103,4078.333,2710,4190
2021-04-06 00:16:19.509000,4079.046,4078.339,2250,2250
2021-04-06 00:16:20.411000,4079.155,4078.433,2250,2250
2021-04-06 00:16:23.785000,4079.154,4078.639,460,2250
2021-04-06 00:16:23.835000,4079.364,4078.633,2250,2250
2021-04-06 00:16:26.355000,4079.258,4078.548,2250,2250
2021-04-06 00:16:26.499000,4079.203,4078.633,460,2250
2021-04-06 00:16:26.549000,4079.349,4078.633,2250,2250
2021-04-06 00:16:27.779000,4079.303,4078.954,460,2250
2021-04-06 00:16:27.830000,4079.652,4078.936,2250,2250
2021-04-06 00:16:28.208000,4079.301,4078.648,2250,2250
2021-04-06 00:16:28.367000,4079.369,4078.899,460,2250
2021-04-06 00:16:28.417000,4079.567,4078.839,2250,2250
2021-04-06 00:16:28.782000,4079.551,4078.942,460,2250
2021-04-06 00:16:28.832000,4079.646,4078.936,2250,2250
2021-04-06 00:16:31.635000,4079.752,4079.045,2250,2250
2021-04-06 00:16:31.749000,4079.76,4078.936,2710,4190
2021-04-06 00:16:31.799000,4079.652,4078.933,2250,2250
2021-04-06 00:16:32.982000,4079.654,4079.048,460,2250
2021-04-06 00:16:33.032000,4079.752,4079.036,2250,2250
2021-04-06 00:16:33.143000,4079.703,4078.999,2710,4190
2021-04-06 00:16:33.194000,4079.649,4078.945,2250,2250
2021-04-06 00:16:34.673000,4079.657,4078.499,2710,4190
2021-04-06 00:16:34.723000,4079.152,4078.433,2250,2250
2021-04-06 00:16:34.991000,4079.169,4078.145,2710,4190
2021-04-06 00:16:35.041000,4078.864,4078.151,2250,2250
2021-04-06 00:16:35.311000,4078.854,4077.936,2710,4190
2021-04-06 00:16:35.362000,4078.652,4077.945,2250,2250
2021-04-06 00:16:35.476000,4078.651,4078.051,460,2250
2021-04-06 00:16:35.527000,4078.764,4078.054,2250,2250
2021-04-06 00:16:35.632000,4078.769,4078.145,460,2250
2021-04-06 00:16:35.682000,4078.801,4078.139,2250,2250
2021-04-06 00:16:36.113000,4078.869,4078.036,2710,4190
2021-04-06 00:16:36.163000,4078.764,4078.033,2250,2250
2021-04-06 00:16:36.273000,4078.769,4078.151,460,2250
2021-04-06 00:16:36.323000,4078.867,4078.151,2250,2250
2021-04-06 00:16:36.460000,4078.803,4077.948,2710,4190
2021-04-06 00:16:36.510000,4078.652,4077.954,2250,2250
2021-04-06 00:16:39.579000,4078.66,4078.045,460,2250
2021-04-06 00:16:39.629000,4078.752,4078.042,2250,2250
2021-04-06 00:16:39.900000,4078.763,4077.942,2710,4190
2021-04-06 00:16:39.950000,4078.652,4077.948,2250,2250
2021-04-06 00:16:43.061000,4078.648,4077.639,2710,4190
2021-04-06 00:16:43.111000,4078.367,4077.639,2250,2250
2021-04-06 00:16:46.383000,4078.366,4077.939,460,2250
2021-04-06 00:16:46.433000,4078.661,4077.948,2250,2250
2021-04-06 00:16:47.823000,4078.666,4077.648,2710,4190
2021-04-06 00:16:47.874000,4078.358,4077.633,2250,2250
2021-04-06 00:16:48.693000,4078.354,4077.999,460,2250
2021-04-06 00:16:48.743000,4078.601,4077.933,2250,2250
2021-04-06 00:16:50.281000,4078.648,4077.854,2710,4190
2021-04-06 00:16:50.332000,4078.558,4077.845,2250,2250
2021-04-06 00:16:50.660000,4078.551,4077.942,460,2250
2021-04-06 00:16:50.710000,4078.652,4077.999,2250,2250
2021-04-06 00:16:52.146000,4078.651,4078.148,460,2250
2021-04-06 00:16:52.196000,4078.801,4078.136,2250,2250
2021-04-06 00:16:52.303000,4078.866,4077.942,2710,4190
2021-04-06 00:16:52.353000,4078.655,4077.999,2250,2250
2021-04-06 00:16:53.255000,4078.364,4077.645,2250,2250
2021-04-06 00:16:53.422000,4078.558,4077.899,2250,2250
2021-04-06 00:16:53.573000,4078.569,4077.639,2710,4190
2021-04-06 00:16:53.623000,4078.358,4077.642,2250,2250
2021-04-06 00:16:53.753000,4078.546,4077.854,2250,2250
2021-04-06 00:16:54.955000,4078.566,4077.654,2710,4190
2021-04-06 00:16:55.006000,4078.352,4077.654,2250,2250
2021-04-06 00:16:56.120000,4078.357,4077.948,460,2250
2021-04-06 00:16:56.170000,4078.664,4077.942,2250,2250
2021-04-06 00:16:59.036000,4078.846,4078.148,2250,2250
2021-04-06 00:17:05.540000,4079.148,4078.133,2710,4190
2021-04-06 00:17:05.591000,4079.158,4078.442,2250,2250
2021-04-06 00:17:05.701000,4079.154,4078.148,2710,4190
2021-04-06 00:17:05.752000,4078.846,4078.145,2250,2250
2021-04-06 00:17:12.567000,4079.152,4078.499,2250,2250
2021-04-06 00:17:18.515000,4079.148,4078.136,2710,4190
2021-04-06 00:17:18.565000,4078.864,4078.142,2250,2250
2021-04-06 00:17:29.745000,4078.869,4078.454,460,2250
2021-04-06 00:17:29.795000,4079.161,4078.454,2250,2250
2021-04-06 00:17:34.190000,4079.157,4078.648,460,2250
2021-04-06 00:17:34.240000,4079.355,4078.645,2250,2250
2021-04-06 00:17:42.334000,4079.354,4078.433,2710,4190
2021-04-06 00:17:42.384000,4079.146,4078.436,2250,2250
2021-04-06 00:17:55.304000,4079.169,4078.642,460,2250
2021-04-06 00:17:55.354000,4079.301,4078.645,2250,2250
2021-04-06 00:18:05.955000,4079.357,4078.439,2710,4190
2021-04-06 00:18:06.005000,4079.161,4078.499,2250,2250
2021-04-06 00:18:10.586000,4079.148,4078.633,460,2250
2021-04-06 00:18:10.637000,4079.301,4078.633,2250,2250
2021-04-06 00:18:10.908000,4079.203,4078.648,460,2250
2021-04-06 00:18:10.959000,4079.252,4078.599,2250,2250
2021-04-06 00:18:11.070000,4079.254,4078.448,2710,4190
2021-04-06 00:18:11.120000,4079.164,4078.439,2250,2250
2021-04-06 00:18:12.541000,4079.154,4078.654,460,2250
2021-04-06 00:18:12.591000,4079.358,4078.636,2250,2250
2021-04-06 00:18:51.005000,4079.351,4078.999,460,2250
2021-04-06 00:18:51.055000,4079.655,4078.945,2250,2250
2021-04-06 00:18:52.831000,4079.648,4078.642,2710,4190
2021-04-06 00:18:52.881000,4079.358,4078.699,2250,2250
2021-04-06 00:19:18.711000,4079.354,4078.445,2710,4190
2021-04-06 00:19:18.762000,4079.155,4078.454,2250,2250
2021-04-06 00:19:31.217000,4078.852,4078.151,2250,2250
2021-04-06 00:19:33.243000,4079.155,4078.442,2250,2250
2021-04-06 00:19:36.168000,4078.867,4078.142,2250,2250
2021-04-06 00:19:38.412000,4078.851,4078.439,460,2250
2021-04-06 00:19:38.463000,4079.161,4078.448,2250,2250
2021-04-06 00:19:39.814000,4079.166,4078.342,2710,4190
2021-04-06 00:19:39.865000,4079.046,4078.333,2250,2250
2021-04-06 00:19:40.077000,4079.063,4078.154,2710,4190
2021-04-06 00:19:40.127000,4078.801,4078.145,2250,2250
2021-04-06 00:19:40.556000,4078.848,4078.345,460,2250
2021-04-06 00:19:40.607000,4079.064,4078.339,2250,2250
2021-04-06 00:19:41.932000,4079.069,4078.142,2710,4190
2021-04-06 00:19:41.983000,4078.864,4078.151,2250,2250
2021-04-06 00:19:49.230000,4078.857,4078.499,460,2250
2021-04-06 00:19:49.280000,4079.146,4078.436,2250,2250
2021-04-06 00:19:50.035000,4079.148,4078.148,2710,4190
2021-04-06 00:19:50.085000,4078.852,4078.139,2250,2250
2021-04-06 00:19:50.609000,4078.857,4078.354,460,2250
2021-04-06 00:19:50.660000,4079.064,4078.342,2250,2250
2021-04-06 00:19:50.903000,4079.054,4078.154,2710,4190
2021-04-06 00:19:50.954000,4078.852,4078.151,2250,2250
2021-04-06 00:19:51.062000,4078.851,4078.436,460,2250
2021-04-06 00:19:51.113000,4079.155,4078.499,2250,2250
2021-04-06 00:19:56.306000,4079.166,4078.154,2710,4190
2021-04-06 00:19:56.357000,4078.867,4078.145,2250,2250
2021-04-06 00:20:06.371000,4078.86,4077.936,2710,4190
2021-04-06 00:20:06.421000,4078.667,4077.951,2250,2250
2021-04-06 00:20:06.536000,4078.855,4078.139,2250,2250
2021-04-06 00:20:07.719000,4078.848,4077.948,2710,4190
2021-04-06 00:20:07.769000,4078.667,4077.933,2250,2250
2021-04-06 00:20:11.310000,4078.654,4077.636,2710,4190
2021-04-06 00:20:11.360000,4078.361,4077.654,2250,2250
2021-04-06 00:20:25.258000,4078.351,4077.836,460,2250
2021-04-06 00:20:25.308000,4078.564,4077.851,2250,2250
2021-04-06 00:20:25.421000,4078.566,4077.933,460,2250
2021-04-06 00:20:25.471000,4078.601,4077.954,2250,2250
2021-04-06 00:20:30.577000,4078.648,4077.848,2710,4190
2021-04-06 00:20:30.627000,4078.558,4077.851,2250,2250
2021-04-06 00:20:30.740000,4078.569,4077.951,460,2250
2021-04-06 00:20:30.790000,4078.658,4077.951,2250,2250
2021-04-06 00:20:30.898000,4078.603,4077.648,2710,4190
2021-04-06 00:20:30.948000,4078.358,4077.699,2250,2250
2021-04-06 00:20:32.053000,4078.366,4077.948,460,2250
2021-04-06 00:20:32.103000,4078.667,4077.939,2250,2250
2021-04-06 00:20:40.381000,4078.669,4078.139,460,2250
2021-04-06 00:20:40.431000,4078.867,4078.145,2250,2250
2021-04-06 00:20:41.106000,4078.866,4077.954,2710,4190
2021-04-06 00:20:41.157000,4078.652,4077.933,2250,2250
2021-04-06 00:20:47.597000,4078.651,4078.133,460,2250
2021-04-06 00:20:47.647000,4078.846,4078.148,2250,2250
2021-04-06 00:20:53.230000,4078.866,4077.936,2710,4190
2021-04-06 00:20:53.280000,4078.664,4077.936,2250,2250
2021-04-06 00:20:59.358000,4078.858,4078.151,2250,2250
2021-04-06 00:21:00.032000,4078.854,4077.945,2710,4190
2021-04-06 00:21:00.082000,4078.667,4077.954,2250,2250
2021-04-06 00:21:04.900000,4078.66,4078.154,460,2250
2021-04-06 00:21:04.951000,4078.864,4078.145,2250,2250
2021-04-06 00:21:39.325000,4078.803,4077.936,2710,4190
2021-04-06 00:21:39.375000,4078.664,4077.951,2250,2250
2021-04-06 00:21:55.054000,4078.666,4078.154,460,2250
2021-04-06 00:21:55.105000,4078.858,4078.151,2250,2250
2021-04-06 00:22:11.310000,4078.652,4077.942,2250,2250
2021-04-06 00:22:11.441000,4078.666,4078.133,460,2250
2021-04-06 00:22:11.492000,4078.852,4078.148,2250,2250
2021-04-06 00:22:11.850000,4078.851,4077.954,2710,4190
2021-04-06 00:22:11.901000,4078.655,4077.936,2250,2250
2021-04-06 00:22:16.699000,4078.654,4077.854,2710,4190
2021-04-06 00:22:16.749000,4078.564,4077.851,2250,2250
2021-04-06 00:22:16.865000,4078.557,4077.999,460,2250
2021-04-06 00:22:16.915000,4078.658,4077.945,2250,2250
2021-04-06 00:22:17.340000,4078.669,4077.642,2710,4190
2021-04-06 00:22:17.390000,4078.361,4077.645,2250,2250
2021-04-06 00:22:18.374000,4078.303,4077.439,2710,4190
2021-04-06 00:22:18.424000,4078.167,4077.451,2250,2250
2021-04-06 00:22:18.570000,4077.801,4077.145,2250,2250
2021-04-06 00:22:20.047000,4077.664,4076.948,2250,2250
2021-04-06 00:22:20.733000,4077.657,4077.142,460,2250
2021-04-06 00:22:20.783000,4077.849,4077.133,2250,2250
2021-04-06 00:22:26.557000,4077.866,4077.451,460,2250
2021-04-06 00:22:26.608000,4078.146,4077.439,2250,2250
2021-04-06 00:22:30.132000,4078.103,4077.142,2710,4190
2021-04-06 00:22:30.183000,4077.801,4077.133,2250,2250
2021-04-06 00:22:31.008000,4077.803,4077.442,460,2250
2021-04-06 00:22:31.058000,4078.161,4077.451,2250,2250
2021-04-06 00:22:33.551000,4078.151,4077.136,2710,4190
2021-04-06 00:22:33.602000,4077.849,4077.148,2250,2250
2021-04-06 00:22:35.741000,4077.655,4076.945,2250,2250
2021-04-06 00:23:04.789000,4077.349,4076.699,2250,2250
2021-04-06 00:23:06.030000,4077.354,4076.939,460,2250
2021-04-06 00:23:06.081000,4077.661,4076.942,2250,2250
2021-04-06 00:23:06.884000,4077.657,4076.899,2710,4190
2021-04-06 00:23:06.934000,4077.561,4076.839,2250,2250
2021-04-06 00:23:07.100000,4077.367,4076.645,2250,2250
2021-04-06 00:23:10.325000,4077.303,4076.936,460,2250
2021-04-06 00:23:10.376000,4077.652,4076.951,2250,2250
2021-04-06 00:23:12.446000,4077.654,4076.654,2710,4190
2021-04-06 00:23:12.496000,4077.301,4076.639,2250,2250
2021-04-06 00:23:14.551000,4077.354,4076.939,460,2250
2021-04-06 00:23:14.601000,4077.601,4076.936,2250,2250
2021-04-06 00:23:19.746000,4077.66,4076.645,2710,4190
2021-04-06 00:23:19.797000,4077.346,4076.642,2250,2250
2021-04-06 00:23:21.227000,4077.36,4076.948,460,2250
2021-04-06 00:23:21.277000,4077.649,4076.951,2250,2250
2021-04-06 00:23:25.280000,4077.66,4076.633,2710,4190
2021-04-06 00:23:25.331000,4077.301,4076.642,2250,2250
2021-04-06 00:23:25.459000,4077.366,4076.945,460,2250
2021-04-06 00:23:25.509000,4077.601,4076.936,2250,2250
2021-04-06 00:23:25.619000,4077.657,4076.851,2710,4190
2021-04-06 00:23:25.669000,4077.558,4076.848,2250,2250
2021-04-06 00:23:26.181000,4077.649,4076.945,2250,2250
2021-04-06 00:23:26.337000,4077.651,4076.651,2710,4190
2021-04-06 00:23:26.387000,4077.346,4076.651,2250,2250
2021-04-06 00:23:30.911000,4077.354,4076.454,2710,4190
2021-04-06 00:23:30.962000,4077.164,4076.436,2250,2250
2021-04-06 00:23:31.527000,4077.361,4076.648,2250,2250
2021-04-06 00:23:32.068000,4077.351,4076.436,2710,4190
2021-04-06 00:23:32.119000,4077.158,4076.451,2250,2250
2021-04-06 00:23:56.646000,4077.151,4076.539,460,2250
2021-04-06 00:23:56.696000,4077.249,4076.536,2250,2250
2021-04-06 00:23:56.804000,4077.248,4076.654,460,2250
2021-04-06 00:23:56.854000,4077.364,4076.648,2250,2250
2021-04-06 00:24:03.555000,4077.354,4076.545,2710,4190
2021-04-06 00:24:03.605000,4077.252,4076.554,2250,2250
2021-04-06 00:24:04.798000,4077.251,4076.439,2710,4190
2021-04-06 00:24:04.848000,4077.161,4076.436,2250,2250
2021-04-06 00:24:04.957000,4077.352,4076.651,2250,2250
2021-04-06 00:24:18.787000,4077.148,4076.651,460,2250
2021-04-06 00:24:18.837000,4077.101,4076.499,2250,2250
2021-04-06 00:24:20.829000,4077.154,4076.133,2710,4190
2021-04-06 00:24:20.879000,4076.858,4076.148,2250,2250
2021-04-06 00:25:10.880000,4077.152,4076.442,2250,2250
2021-04-06 00:25:14.875000,4077.163,4076.633,460,2250
2021-04-06 00:25:14.925000,4077.346,4076.699,2250,2250
2021-04-06 00:25:28.157000,4077.351,4076.499,2710,4190
2021-04-06 00:25:28.208000,4077.167,4076.445,2250,2250
2021-04-06 00:25:28.316000,4077.148,4076.648,460,2250
2021-04-06 00:25:28.366000,4077.361,4076.651,2250,2250
2021-04-06 00:25:29.424000,4077.36,4076.451,2710,4190
2021-04-06 00:25:29.475000,4077.146,4076.445,2250,2250
2021-04-06 00:25:29.583000,4077.154,4076.654,460,2250
2021-04-06 00:25:29.633000,4077.301,4076.651,2250,2250
2021-04-06 00:25:35.081000,4077.369,4076.845,460,2250
2021-04-06 00:25:35.132000,4077.549,4076.899,2250,2250
2021-04-06 00:25:35.241000,4077.563,4076.942,460,2250
2021-04-06 00:25:35.292000,4077.661,4076.945,2250,2250
2021-04-06 00:25:35.402000,4077.669,4076.699,2710,4190
2021-04-06 00:25:35.452000,4077.352,4076.633,2250,2250
2021-04-06 00:25:35.979000,4077.363,4076.939,460,2250
2021-04-06 00:25:36.029000,4077.667,4076.948,2250,2250
2021-04-06 00:25:41.181000,4077.651,4077.142,460,2250
2021-04-06 00:25:41.232000,4077.849,4077.199,2250,2250
2021-04-06 00:25:42.571000,4077.851,4076.936,2710,4190
2021-04-06 00:25:42.621000,4077.649,4076.954,2250,2250
2021-04-06 00:25:45.237000,4077.663,4077.045,460,2250
2021-04-06 00:25:45.287000,4077.755,4077.051,2250,2250
2021-04-06 00:25:45.603000,4077.748,4076.948,2710,4190
2021-04-06 00:25:45.653000,4077.652,4076.954,2250,2250
2021-04-06 00:25:57.880000,4077.648,4076.639,2710,4190
2021-04-06 00:25:57.930000,4077.352,4076.651,2250,2250
2021-04-06 00:26:01.078000,4077.36,4076.939,460,2250
2021-04-06 00:26:01.129000,4077.661,4076.936,2250,2250
2021-04-06 00:26:02.570000,4077.657,4076.699,2710,4190
2021-04-06 00:26:02.620000,4077.349,4076.648,2250,2250
2021-04-06 00:26:02.729000,4077.36,4076.854,460,2250
2021-04-06 00:26:02.780000,4077.567,4076.842,2250,2250
2021-04-06 00:26:02.890000,4077.56,4076.645,2710,4190
2021-04-06 00:26:02.940000,4077.301,4076.639,2250,2250
2021-04-06 00:26:03.059000,4077.366,4076.948,460,2250
2021-04-06 00:26:03.110000,4077.652,4076.933,2250,2250
2021-04-06 00:26:14.148000,4077.648,4077.145,460,2250
2021-04-06 00:26:14.198000,4077.855,4077.199,2250,2250
2021-04-06 00:26:16.030000,4077.86,4076.942,2710,4190
2021-04-06 00:26:16.080000,4077.652,4076.936,2250,2250
2021-04-06 00:26:25.376000,4077.648,4076.648,2710,4190
2021-04-06 00:26:25.426000,4077.349,4076.699,2250,2250
2021-04-06 00:26:25.536000,4077.303,4076.951,460,2250
2021-04-06 00:26:25.587000,4077.664,4076.954,2250,2250
2021-04-06 00:26:53.156000,4077.651,4076.645,2710,4190
2021-04-06 00:26:53.206000,4077.355,4076.636,2250,2250
2021-04-06 00:26:56.850000,4077.354,4076.454,2710,4190
2021-04-06 00:26:56.900000,4077.158,4076.433,2250,2250
2021-04-06 00:26:59.335000,4077.154,4076.636,460,2250
2021-04-06 00:26:59.386000,4077.367,4076.699,2250,2250
2021-04-06 00:27:00.476000,4077.366,4076.448,2710,4190
2021-04-06 00:27:00.526000,4077.146,4076.433,2250,2250
2021-04-06 00:27:12.911000,4077.169,4076.654,460,2250
2021-04-06 00:27:12.961000,4077.367,4076.648,2250,2250
2021-04-06 00:27:40.956000,4077.36,4076.999,460,2250
2021-04-06 00:27:41.006000,4077.658,4076.942,2250,2250
2021-04-06 00:27:42.798000,4077.66,4076.639,2710,4190
2021-04-06 00:27:42.848000,4077.349,4076.636,2250,2250
2021-04-06 00:27:47.241000,4077.357,4076.554,2710,4190
2021-04-06 00:27:47.291000,4077.246,4076.548,2250,2250
2021-04-06 00:27:47.401000,4077.251,4076.639,460,2250
2021-04-06 00:27:47.451000,4077.349,4076.648,2250,2250
2021-04-06 00:27:47.562000,4077.303,4076.599,2710,4190
2021-04-06 00:27:47.612000,4077.249,4076.548,2250,2250
2021-04-06 00:27:47.726000,4077.254,4076.636,460,2250
2021-04-06 00:27:47.777000,4077.301,4076.699,2250,2250
2021-04-06 00:27:48.045000,4077.357,4076.545,2710,4190
2021-04-06 00:27:48.095000,4077.252,4076.533,2250,2250
2021-04-06 00:27:48.341000,4077.346,4076.654,2250,2250
2021-04-06 00:27:48.472000,4077.366,4076.554,2710,4190
2021-04-06 00:27:48.526000,4077.267,4076.542,2250,2250
2021-04-06 00:27:49.696000,4077.269,4076.648,460,2250
2021-04-06 00:27:49.746000,4077.355,4076.642,2250,2250
2021-04-06 00:27:50.177000,4077.36,4076.545,2710,4190
2021-04-06 00:27:50.227000,4077.246,4076.548,2250,2250
2021-04-06 00:27:50.758000,4077.269,4076.442,2710,4190
2021-04-06 00:27:50.808000,4077.164,4076.454,2250,2250
2021-04-06 00:27:50.919000,4077.163,4076.539,460,2250
2021-04-06 00:27:50.969000,4077.258,4076.539,2250,2250
2021-04-06 00:27:53.952000,4077.352,4076.639,2250,2250
2021-04-06 00:27:54.699000,4077.351,4076.542,2710,4190
2021-04-06 00:27:54.749000,4077.258,4076.545,2250,2250
2021-04-06 00:27:55.145000,4077.251,4076.639,460,2250
2021-04-06 00:27:55.196000,4077.346,4076.699,2250,2250
2021-04-06 00:28:11.543000,4077.36,4076.439,2710,4190
2021-04-06 00:28:11.594000,4077.167,4076.448,2250,2250
2021-04-06 00:28:27.560000,4077.157,4076.148,2710,4190
2021-04-06 00:28:27.610000,4076.861,4076.133,2250,2250
2021-04-06 00:28:48.018000,4076.866,4076.451,460,2250
2021-04-06 00:28:48.069000,4077.167,4076.439,2250,2250
2021-04-06 00:29:05.208000,4077.064,4076.351,2250,2250
2021-04-06 00:29:06.095000,4077.06,4076.148,2710,4190
2021-04-06 00:29:06.145000,4076.858,4076.145,2250,2250
2021-04-06 00:29:45.741000,4077.169,4076.199,2710,4190
2021-04-06 00:29:45.792000,4077.158,4076.454,2250,2250
2021-04-06 00:29:57.955000,4077.166,4076.651,460,2250
2021-04-06 00:29:58.005000,4077.352,4076.654,2250,2250
2021-04-06 00:30:00.233000,4077.354,4076.536,2710,4190
2021-04-06 00:30:00.284000,4077.261,4076.542,2250,2250
2021-04-06 00:30:00.423000,4077.361,4076.636,2250,2250
2021-04-06 00:30:00.550000,4077.357,4076.951,460,2250
2021-04-06 00:30:00.600000,4077.652,4076.933,2250,2250
2021-04-06 00:30:02.074000,4077.355,4076.633,2250,2250
2021-04-06 00:30:09.406000,4077.303,4076.448,2710,4190
2021-04-06 00:30:09.457000,4077.158,4076.454,2250,2250
2021-04-06 00:30:09.557000,4077.154,4076.699,460,2250
2021-04-06 00:30:09.608000,4077.358,4076.651,2250,2250
2021-04-06 00:30:12.968000,4077.161,4076.442,2250,2250
2021-04-06 00:30:15.279000,4077.261,4076.545,2250,2250
2021-04-06 00:30:16.372000,4077.203,4076.639,460,2250
2021-04-06 00:30:16.423000,4077.346,4076.648,2250,2250
2021-04-06 00:30:18.355000,4077.303,4076.599,2710,4190
2021-04-06 00:30:18.405000,4077.249,4076.539,2250,2250
2021-04-06 00:30:18.514000,4077.269,4076.439,2710,4190
2021-04-06 00:30:18.564000,4077.149,4076.442,2250,2250
2021-04-06 00:30:20.688000,4077.151,4076.551,460,2250
2021-04-06 00:30:20.739000,4077.264,4076.542,2250,2250
2021-04-06 00:30:21.144000,4077.257,4076.499,2710,4190
2021-04-06 00:30:21.195000,4077.146,4076.439,2250,2250
2021-04-06 00:30:24.285000,4077.154,4076.633,460,2250
2021-04-06 00:30:24.335000,4077.361,4076.648,2250,2250
2021-04-06 00:30:24.752000,4077.354,4076.542,2710,4190
2021-04-06 00:30:24.803000,4077.252,4076.548,2250,2250
2021-04-06 00:30:25.187000,4077.248,4076.499,2710,4190
2021-04-06 00:30:25.237000,4077.155,4076.451,2250,2250
2021-04-06 00:30:27.747000,4077.103,4076.139,2710,4190
2021-04-06 00:30:27.798000,4076.846,4076.151,2250,2250
2021-04-06 00:30:39.798000,4076.854,4075.636,2710,4190
2021-04-06 00:30:39.848000,4076.367,4075.699,2250,2250
2021-04-06 00:30:53.202000,4076.351,4075.954,460,2250
2021-04-06 00:30:53.253000,4076.601,4075.951,2250,2250
2021-04-06 00:30:53.691000,4076.669,4075.845,2710,4190
2021-04-06 00:30:53.741000,4076.564,4075.899,2250,2250
2021-04-06 00:30:54.389000,4076.503,4075.645,2710,4190
2021-04-06 00:30:54.439000,4076.361,4075.651,2250,2250
2021-04-06 00:30:58.464000,4076.351,4075.942,460,2250
2021-04-06 00:30:58.514000,4076.658,4075.933,2250,2250
2021-04-06 00:31:00.334000,4076.651,4076.048,460,2250
2021-04-06 00:31:00.384000,4076.746,4076.042,2250,2250
2021-04-06 00:31:00.639000,4076.76,4075.936,2710,4190
2021-04-06 00:31:00.689000,4076.652,4075.942,2250,2250
2021-04-06 00:31:01.849000,4076.801,4076.151,2250,2250
2021-04-06 00:31:02.625000,4076.803,4076.051,2710,4190
2021-04-06 00:31:02.675000,4076.749,4076.039,2250,2250
2021-04-06 00:31:03.113000,4076.766,4076.142,460,2250
2021-04-06 00:31:03.163000,4076.849,4076.199,2250,2250
2021-04-06 00:31:14.177000,4076.755,4076.042,2250,2250
2021-04-06 00:31:14.673000,4076.748,4075.954,2710,4190
2021-04-06 00:31:14.724000,4076.658,4075.948,2250,2250
2021-04-06 00:31:20.338000,4076.349,4075.654,2250,2250
2021-04-06 00:31:25.511000,4076.348,4075.533,2710,4190
2021-04-06 00:31:25.561000,4076.249,4075.536,2250,2250
2021-04-06 00:31:25.671000,4076.266,4075.654,460,2250
2021-04-06 00:31:25.722000,4076.346,4075.639,2250,2250
2021-04-06 00:31:26.279000,4076.149,4075.433,2250,2250
2021-04-06 00:31:26.422000,4076.151,4075.645,460,2250
2021-04-06 00:31:26.472000,4076.301,4075.645,2250,2250
2021-04-06 00:31:32.884000,4076.246,4075.533,2250,2250
2021-04-06 00:31:33.552000,4076.263,4075.648,460,2250
2021-04-06 00:31:33.602000,4076.349,4075.648,2250,2250
2021-04-06 00:31:39.486000,4076.167,4075.451,2250,2250
2021-04-06 00:31:42.405000,4076.16,4075.699,460,2250
2021-04-06 00:31:42.455000,4076.349,4075.639,2250,2250
2021-04-06 00:31:42.564000,4076.354,4075.539,2710,4190
2021-04-06 00:31:42.614000,4076.201,4075.533,2250,2250
2021-04-06 00:31:42.724000,4076.254,4075.648,460,2250
2021-04-06 00:31:42.774000,4076.364,4075.639,2250,2250
2021-04-06 00:31:54.823000,4076.369,4075.451,2710,4190
2021-04-06 00:31:54.874000,4076.167,4075.454,2250,2250
2021-04-06 00:31:54.997000,4076.361,4075.639,2250,2250
2021-04-06 00:32:00.281000,4076.266,4075.699,460,2250
2021-04-06 00:32:00.332000,4076.246,4075.533,2250,2250
2021-04-06 00:32:01.163000,4076.366,4075.536,2710,4190
2021-04-06 00:32:01.213000,4076.361,4075.645,2250,2250
2021-04-06 00:32:01.320000,4076.363,4075.439,2710,4190
2021-04-06 00:32:01.371000,4076.152,4075.439,2250,2250
2021-04-06 00:32:01.813000,4076.363,4075.445,2710,4190
2021-04-06 00:32:01.863000,4076.352,4075.642,2250,2250
2021-04-06 00:32:06.692000,4076.363,4075.445,2710,4190
2021-04-06 00:32:06.742000,4076.149,4075.436,2250,2250
2021-04-06 00:32:08.407000,4076.352,4075.654,2250,2250
2021-04-06 00:32:08.728000,4076.363,4075.445,2710,4190
2021-04-06 00:32:08.779000,4076.167,4075.454,2250,2250
2021-04-06 00:32:09.756000,4076.169,4075.536,460,2250
2021-04-06 00:32:09.807000,4076.264,4075.533,2250,2250
2021-04-06 00:32:09.915000,4076.248,4075.451,2710,4190
2021-04-06 00:32:09.966000,4076.152,4075.451,2250,2250
2021-04-06 00:32:12.054000,4076.157,4075.699,460,2250
2021-04-06 00:32:12.104000,4076.346,4075.645,2250,2250
2021-04-06 00:32:18.359000,4076.351,4075.436,2710,4190
2021-04-06 00:32:18.409000,4076.167,4075.454,2250,2250
2021-04-06 00:32:25.366000,4076.364,4075.645,2250,2250
2021-04-06 00:32:28.037000,4076.255,4075.548,2250,2250
2021-04-06 00:32:28.182000,4076.254,4075.645,460,2250
2021-04-06 00:32:28.233000,4076.361,4075.636,2250,2250
2021-04-06 00:32:33.863000,4076.557,4075.645,2710,4190
2021-04-06 00:32:33.913000,4076.555,4075.842,2250,2250
2021-04-06 00:32:34.024000,4076.56,4075.936,460,2250
2021-04-06 00:32:34.074000,4076.652,4075.951,2250,2250
2021-04-06 00:32:40.785000,4076.748,4075.939,2710,4190
2021-04-06 00:32:40.835000,4076.758,4076.051,2250,2250
2021-04-06 00:32:41.263000,4076.766,4076.136,460,2250
2021-04-06 00:32:41.313000,4076.867,4076.133,2250,2250
2021-04-06 00:32:48.209000,4076.866,4076.042,2710,4190
2021-04-06 00:32:48.259000,4076.755,4076.054,2250,2250
2021-04-06 00:32:48.690000,4076.751,4076.151,460,2250
2021-04-06 00:32:48.740000,4076.852,4076.139,2250,2250
2021-04-06 00:32:50.597000,4076.66,4076.136,460,2250
2021-04-06 00:32:50.648000,4076.655,4075.936,2250,2250
2021-04-06 00:32:51.834000,4076.657,4076.145,460,2250
2021-04-06 00:32:51.884000,4076.861,4076.199,2250,2250
2021-04-06 00:32:57.387000,4077.167,4076.436,2250,2250
2021-04-06 00:32:58.377000,4076.861,4076.139,2250,2250
2021-04-06 00:33:01.770000,4076.754,4076.148,460,2250
2021-04-06 00:33:01.820000,4076.761,4076.036,2250,2250
2021-04-06 00:33:01.929000,4076.754,4076.154,460,2250
2021-04-06 00:33:01.979000,4076.864,4076.145,2250,2250
2021-04-06 00:33:03.052000,4076.866,4076.051,2710,4190
2021-04-06 00:33:03.102000,4076.764,4076.051,2250,2250
2021-04-06 00:33:03.371000,4076.751,4076.154,460,2250
2021-04-06 00:33:03.421000,4076.855,4076.151,2250,2250
2021-04-06 00:33:03.530000,4076.857,4075.942,2710,4190
2021-04-06 00:33:03.581000,4076.655,4075.942,2250,2250
2021-04-06 00:33:03.697000,4076.663,4076.133,460,2250
2021-04-06 00:33:03.748000,4076.801,4076.142,2250,2250
2021-04-06 00:33:04.011000,4076.869,4075.942,2710,4190
2021-04-06 00:33:04.061000,4076.649,4075.999,2250,2250
2021-04-06 00:33:04.331000,4076.651,4076.148,460,2250
2021-04-06 00:33:04.382000,4076.801,4076.145,2250,2250
2021-04-06 00:33:10.318000,4076.863,4076.036,2710,4190
2021-04-06 00:33:10.369000,4076.746,4076.048,2250,2250
2021-04-06 00:33:10.477000,4076.763,4075.945,2710,4190
2021-04-06 00:33:10.527000,4076.664,4075.954,2250,2250
2021-04-06 00:33:12.734000,4076.651,4076.139,460,2250
2021-04-06 00:33:12.784000,4076.858,4076.154,2250,2250
2021-04-06 00:33:22.145000,4076.758,4076.048,2250,2250
2021-04-06 00:33:22.290000,4076.763,4076.154,460,2250
2021-04-06 00:33:22.340000,4076.867,4076.139,2250,2250
2021-04-06 00:33:22.475000,4076.701,4076.039,2250,2250
2021-04-06 00:33:23.507000,4076.76,4076.151,460,2250
2021-04-06 00:33:23.557000,4076.849,4076.142,2250,2250
2021-04-06 00:33:36.350000,4076.669,4076.148,460,2250
2021-04-06 00:33:36.400000,4076.658,4075.933,2250,2250
2021-04-06 00:33:38.065000,4076.663,4076.199,460,2250
2021-04-06 00:33:38.116000,4076.849,4076.148,2250,2250
2021-04-06 00:33:46.986000,4076.866,4076.033,2710,4190
2021-04-06 00:33:47.036000,4076.767,4076.039,2250,2250
2021-04-06 00:33:47.162000,4076.76,4076.136,460,2250
2021-04-06 00:33:47.212000,4076.855,4076.148,2250,2250
2021-04-06 00:33:51.664000,4076.746,4076.036,2250,2250
2021-04-06 00:33:51.855000,4076.658,4075.945,2250,2250
2021-04-06 00:34:01.696000,4076.666,4076.039,460,2250
2021-04-06 00:34:01.746000,4076.749,4076.036,2250,2250
2021-04-06 00:34:02.154000,4076.769,4076.154,460,2250
2021-04-06 00:34:02.204000,4076.864,4076.139,2250,2250
2021-04-06 00:34:02.794000,4076.854,4076.039,2710,4190
2021-04-06 00:34:02.844000,4076.746,4076.045,2250,2250
2021-04-06 00:34:02.954000,4076.748,4076.133,460,2250
2021-04-06 00:34:03.004000,4076.867,4076.139,2250,2250
2021-04-06 00:34:08.893000,4076.848,4075.999,2710,4190
2021-04-06 00:34:08.944000,4076.664,4075.945,2250,2250
2021-04-06 00:34:09.686000,4076.767,4076.039,2250,2250
2021-04-06 00:34:10.162000,4076.763,4076.133,460,2250
2021-04-06 00:34:10.212000,4076.801,4076.148,2250,2250
2021-04-06 00:34:10.345000,4076.755,4076.036,2250,2250
2021-04-06 00:34:11.809000,4076.754,4076.145,460,2250
2021-04-06 00:34:11.859000,4076.858,4076.145,2250,2250
2021-04-06 00:34:14.780000,4076.848,4076.039,2710,4190
2021-04-06 00:34:14.830000,4076.746,4076.033,2250,2250
2021-04-06 00:34:16.018000,4076.766,4076.142,460,2250
2021-04-06 00:34:16.068000,4076.858,4076.199,2250,2250
2021-04-06 00:34:16.179000,4076.866,4076.054,2710,4190
2021-04-06 00:34:16.229000,4076.749,4076.099,2250,2250
2021-04-06 00:34:17.938000,4076.864,4076.199,2250,2250
2021-04-06 00:34:34.943000,4076.869,4076.342,460,2250
2021-04-06 00:34:34.994000,4077.064,4076.345,2250,2250
2021-04-06 00:34:36.094000,4076.861,4076.151,2250,2250
2021-04-06 00:34:36.207000,4076.863,4076.348,460,2250
2021-04-06 00:34:36.257000,4077.067,4076.342,2250,2250
2021-04-06 00:34:36.532000,4077.051,4076.133,2710,4190
2021-04-06 00:34:36.582000,4076.801,4076.139,2250,2250
2021-04-06 00:34:38.225000,4076.863,4076.439,460,2250
2021-04-06 00:34:38.276000,4077.101,4076.442,2250,2250
2021-04-06 00:34:38.736000,4077.064,4076.399,2250,2250
2021-04-06 00:34:40.411000,4077.063,4076.145,2710,4190
2021-04-06 00:34:40.462000,4076.852,4076.199,2250,2250
2021-04-06 00:34:48.973000,4077.058,4076.342,2250,2250
2021-04-06 00:34:49.303000,4077.158,4076.451,2250,2250
2021-04-06 00:35:04.070000,4077.148,4075.936,2710,4190
2021-04-06 00:35:04.120000,4076.655,4075.942,2250,2250
2021-04-06 00:35:17.600000,4076.863,4075.933,2710,4190
2021-04-06 00:35:17.650000,4076.801,4076.151,2250,2250
2021-04-06 00:35:49.938000,4076.863,4076.042,2710,4190
2021-04-06 00:35:49.989000,4076.755,4076.099,2250,2250
2021-04-06 00:35:50.098000,4076.751,4076.133,460,2250
2021-04-06 00:35:50.149000,4076.846,4076.148,2250,2250
2021-04-06 00:35:58.957000,4076.749,4076.039,2250,2250
2021-04-06 00:35:59.121000,4076.763,4076.145,460,2250
2021-04-06 00:35:59.172000,4076.861,4076.154,2250,2250
2021-04-06 00:35:59.443000,4076.869,4076.051,2710,4190
2021-04-06 00:35:59.494000,4076.746,4076.054,2250,2250
2021-04-06 00:35:59.617000,4076.858,4076.154,2250,2250
2021-04-06 00:36:20.282000,4076.86,4076.451,460,2250
2021-04-06 00:36:20.333000,4077.167,4076.448,2250,2250
2021-04-06 00:36:26.093000,4077.103,4076.336,2710,4190
2021-04-06 00:36:26.143000,4077.049,4076.333,2250,2250
2021-04-06 00:36:26.263000,4077.054,4076.445,460,2250
2021-04-06 00:36:26.314000,4077.101,4076.436,2250,2250
2021-04-06 00:36:29.057000,4077.166,4076.136,2710,4190
2021-04-06 00:36:29.108000,4076.852,4076.142,2250,2250
2021-04-06 00:36:29.217000,4076.854,4076.454,460,2250
2021-04-06 00:36:29.267000,4077.155,4076.445,2250,2250
2021-04-06 00:36:32.066000,4077.16,4076.148,2710,4190
2021-04-06 00:36:32.116000,4076.861,4076.199,2250,2250
2021-04-06 00:36:32.233000,4076.854,4076.336,460,2250
2021-04-06 00:36:32.283000,4077.049,4076.336,2250,2250
2021-04-06 00:36:33.067000,4077.057,4076.439,460,2250
2021-04-06 00:36:33.117000,4077.152,4076.499,2250,2250
2021-04-06 00:36:34.790000,4077.16,4076.199,2710,4190
2021-04-06 00:36:34.841000,4076.801,4076.139,2250,2250
2021-04-06 00:36:52.229000,4076.863,4076.042,2710,4190
2021-04-06 00:36:52.279000,4076.755,4076.051,2250,2250
2021-04-06 00:36:52.438000,4076.646,4075.945,2250,2250
2021-04-06 00:37:03.237000,4076.666,4076.148,460,2250
2021-04-06 00:37:03.287000,4076.801,4076.148,2250,2250
2021-04-06 00:37:06.723000,4076.851,4076.448,460,2250
2021-04-06 00:37:06.774000,4077.158,4076.433,2250,2250
2021-04-06 00:37:13.411000,4077.157,4076.354,2710,4190
2021-04-06 00:37:13.461000,4077.046,4076.339,2250,2250
2021-04-06 00:37:14.646000,4077.003,4076.445,460,2250
2021-04-06 00:37:14.697000,4077.146,4076.442,2250,2250
2021-04-06 00:37:22.972000,4077.258,4076.542,2250,2250
2021-04-06 00:37:23.303000,4077.257,4076.651,460,2250
2021-04-06 00:37:23.353000,4077.355,4076.636,2250,2250
2021-04-06 00:37:23.476000,4077.152,4076.499,2250,2250
2021-04-06 00:37:26.467000,4077.151,4076.551,460,2250
2021-04-06 00:37:26.518000,4077.267,4076.542,2250,2250
2021-04-06 00:37:27.767000,4077.161,4076.499,2250,2250
2021-04-06 00:37:28.431000,4077.201,4076.599,2250,2250
2021-04-06 00:37:29.332000,4077.263,4076.442,2710,4190
2021-04-06 00:37:29.382000,4077.155,4076.439,2250,2250
2021-04-06 00:37:30.077000,4077.252,4076.545,2250,2250
2021-04-06 00:37:30.407000,4077.152,4076.451,2250,2250
2021-04-06 00:37:30.751000,4077.166,4076.539,460,2250
2021-04-06 00:37:30.801000,4077.255,4076.533,2250,2250
2021-04-06 00:37:30.911000,4077.251,4076.451,2710,4190
2021-04-06 00:37:30.961000,4077.155,4076.442,2250,2250
2021-04-06 00:37:32.210000,4077.16,4076.654,460,2250
2021-04-06 00:37:32.260000,4077.361,4076.645,2250,2250
2021-04-06 00:37:32.388000,4077.267,4076.539,2250,2250
2021-04-06 00:37:32.875000,4077.254,4076.451,2710,4190
2021-04-06 00:37:32.925000,4077.167,4076.433,2250,2250
2021-04-06 00:37:33.581000,4077.166,4076.599,460,2250
2021-04-06 00:37:33.632000,4077.252,4076.542,2250,2250
2021-04-06 00:37:34.293000,4077.266,4076.654,460,2250
2021-04-06 00:37:34.343000,4077.361,4076.651,2250,2250
2021-04-06 00:37:34.454000,4077.16,4076.648,460,2250
2021-04-06 00:37:34.504000,4077.155,4076.445,2250,2250
2021-04-06 00:37:37.999000,4077.264,4076.599,2250,2250
2021-04-06 00:37:38.508000,4077.254,4076.448,2710,4190
2021-04-06 00:37:38.559000,4077.158,4076.442,2250,2250
2021-04-06 00:37:53.689000,4077.151,4076.548,460,2250
2021-04-06 00:37:53.739000,4077.249,4076.539,2250,2250
2021-04-06 00:37:53.883000,4077.257,4076.636,460,2250
2021-04-06 00:37:53.934000,4077.367,4076.651,2250,2250
2021-04-06 00:37:56.814000,4077.601,4076.936,2250,2250
2021-04-06 00:38:02.426000,4077.867,4077.142,2250,2250
2021-04-06 00:38:06.223000,4077.803,4076.951,2710,4190
2021-04-06 00:38:06.273000,4077.601,4076.933,2250,2250
2021-04-06 00:38:06.580000,4077.654,4077.051,460,2250
2021-04-06 00:38:06.630000,4077.761,4077.054,2250,2250
2021-04-06 00:38:06.900000,4077.76,4076.936,2710,4190
2021-04-06 00:38:06.950000,4077.646,4076.945,2250,2250
2021-04-06 00:38:13.538000,4077.663,4077.045,460,2250
2021-04-06 00:38:13.588000,4077.752,4077.051,2250,2250
2021-04-06 00:38:14.019000,4077.754,4077.136,460,2250
2021-04-06 00:38:14.070000,4077.855,4077.145,2250,2250
2021-04-06 00:38:17.111000,4077.869,4077.033,2710,4190
2021-04-06 00:38:17.162000,4077.755,4077.099,2250,2250
2021-04-06 00:38:17.985000,4077.757,4077.151,460,2250
2021-04-06 00:38:18.035000,4077.852,4077.199,2250,2250
2021-04-06 00:39:02.567000,4077.848,4076.948,2710,4190
2021-04-06 00:39:02.618000,4077.655,4076.951,2250,2250
2021-04-06 00:39:09.466000,4077.654,4077.051,460,2250
2021-04-06 00:39:09.516000,4077.755,4077.036,2250,2250
2021-04-06 00:39:11.426000,4077.801,4077.145,2250,2250
2021-04-06 00:39:11.568000,4077.857,4076.939,2710,4190
2021-04-06 00:39:11.619000,4077.658,4076.951,2250,2250
2021-04-06 00:39:23.311000,4077.651,4077.099,460,2250
2021-04-06 00:39:23.362000,4077.767,4077.045,2250,2250
2021-04-06 00:39:23.843000,4077.763,4076.948,2710,4190
2021-04-06 00:39:23.894000,4077.661,4076.999,2250,2250
2021-04-06 00:39:48.529000,4077.648,4076.645,2710,4190
2021-04-06 00:39:48.579000,4077.355,4076.699,2250,2250
2021-04-06 00:39:49.933000,4077.363,4076.839,460,2250
2021-04-06 00:39:49.983000,4077.558,4076.842,2250,2250
2021-04-06 00:39:50.093000,4077.548,4076.699,2710,4190
2021-04-06 00:39:50.143000,4077.367,4076.699,2250,2250
2021-04-06 00:39:50.789000,4077.366,4076.839,460,2250
2021-04-06 00:39:50.840000,4077.564,4076.842,2250,2250
2021-04-06 00:39:51.845000,4077.551,4076.933,460,2250
2021-04-06 00:39:51.895000,4077.652,4076.942,2250,2250
2021-04-06 00:39:55.577000,4077.651,4076.845,2710,4190
2021-04-06 00:39:55.628000,4077.501,4076.845,2250,2250
2021-04-06 00:39:56.767000,4077.503,4076.948,460,2250
2021-04-06 00:39:56.818000,4077.652,4076.942,2250,2250
2021-04-06 00:39:58.770000,4077.66,4076.645,2710,4190
2021-04-06 00:39:58.821000,4077.355,4076.645,2250,2250
2021-04-06 00:39:59.293000,4077.501,4076.839,2250,2250
2021-04-06 00:40:00.021000,4077.548,4076.654,2710,4190
2021-04-06 00:40:00.071000,4077.361,4076.642,2250,2250
2021-04-06 00:40:18.925000,4077.357,4076.445,2710,4190
2021-04-06 00:40:18.976000,4077.167,4076.436,2250,2250
2021-04-06 00:40:21.320000,4077.169,4076.145,2710,4190
2021-04-06 00:40:21.371000,4076.858,4076.139,2250,2250
2021-04-06 00:40:22.774000,4076.848,4075.954,2710,4190
2021-04-06 00:40:22.825000,4076.652,4075.951,2250,2250
2021-04-06 00:40:26.601000,4076.669,4076.133,460,2250
2021-04-06 00:40:26.654000,4076.849,4076.145,2250,2250
2021-04-06 00:40:36.167000,4076.848,4075.942,2710,4190
2021-04-06 00:40:36.217000,4076.652,4075.999,2250,2250
2021-04-06 00:41:02.200000,4076.654,4075.833,2710,4190
2021-04-06 00:41:02.250000,4076.555,4075.839,2250,2250
2021-04-06 00:41:02.410000,4076.569,4075.942,460,2250
2021-04-06 00:41:02.460000,4076.652,4075.954,2250,2250
2021-04-06 00:41:02.958000,4076.603,4075.854,2710,4190
2021-04-06 00:41:03.008000,4076.558,4075.851,2250,2250
2021-04-06 00:41:03.184000,4076.563,4075.948,460,2250
2021-04-06 00:41:03.234000,4076.664,4075.954,2250,2250
2021-04-06 00:41:07.067000,4076.66,4075.651,2710,4190
2021-04-06 00:41:07.117000,4076.358,4075.636,2250,2250
2021-04-06 00:41:18.407000,4076.303,4075.942,460,2250
2021-04-06 00:41:18.457000,4076.664,4075.945,2250,2250
2021-04-06 00:41:19.195000,4076.648,4075.651,2710,4190
2021-04-06 00:41:19.246000,4076.361,4075.642,2250,2250
2021-04-06 00:41:32.205000,4076.369,4075.436,2710,4190
2021-04-06 00:41:32.255000,4076.167,4075.433,2250,2250
2021-04-06 00:41:41.313000,4076.255,4075.539,2250,2250
2021-04-06 00:41:41.452000,4076.203,4075.633,460,2250
2021-04-06 00:41:41.502000,4076.358,4075.636,2250,2250
2021-04-06 00:41:46.267000,4076.363,4075.454,2710,4190
2021-04-06 00:41:46.317000,4076.155,4075.454,2250,2250
2021-04-06 00:41:46.924000,4076.255,4075.542,2250,2250
2021-04-06 00:41:47.346000,4076.26,4075.648,460,2250
2021-04-06 00:41:47.396000,4076.358,4075.648,2250,2250
2021-04-06 00:41:48.618000,4076.357,4076.145,460,2250
2021-04-06 00:41:48.668000,4076.852,4076.199,2250,2250
2021-04-06 00:41:48.762000,4076.857,4075.933,2710,4190
2021-04-06 00:41:48.812000,4076.655,4075.939,2250,2250
2021-04-06 00:41:49.411000,4076.654,4076.145,460,2250
2021-04-06 00:41:49.461000,4076.849,4076.199,2250,2250
2021-04-06 00:41:49.568000,4076.854,4075.999,2710,4190
2021-04-06 00:41:49.618000,4076.652,4075.942,2250,2250
2021-04-06 00:41:52.929000,4076.663,4076.199,460,2250
2021-04-06 00:41:52.979000,4076.861,4076.151,2250,2250
2021-04-06 00:41:53.415000,4076.854,4075.933,2710,4190
2021-04-06 00:41:53.465000,4076.667,4075.951,2250,2250
2021-04-06 00:41:54.537000,4076.849,4076.139,2250,2250
2021-04-06 00:41:55.008000,4076.803,4076.054,2710,4190
2021-04-06 00:41:55.058000,4076.764,4076.099,2250,2250
2021-04-06 00:41:55.654000,4076.76,4076.151,460,2250
2021-04-06 00:41:55.705000,4076.852,4076.148,2250,2250
2021-04-06 00:41:55.859000,4076.767,4076.042,2250,2250
2021-04-06 00:41:56.002000,4076.76,4076.133,460,2250
2021-04-06 00:41:56.052000,4076.801,4076.136,2250,2250
2021-04-06 00:41:59.490000,4076.767,4076.054,2250,2250
2021-04-06 00:42:00.095000,4076.769,4076.148,460,2250
2021-04-06 00:42:00.145000,4076.846,4076.139,2250,2250
2021-04-06 00:42:13.024000,4076.667,4075.951,2250,2250
2021-04-06 00:42:29.329000,4076.648,4075.654,2710,4190
2021-04-06 00:42:29.379000,4076.361,4075.699,2250,2250
2021-04-06 00:42:36.928000,4076.369,4075.454,2710,4190
2021-04-06 00:42:36.978000,4076.167,4075.445,2250,2250
2021-04-06 00:42:38.179000,4076.16,4075.699,460,2250
2021-04-06 00:42:38.229000,4076.346,4075.699,2250,2250
2021-04-06 00:42:45.453000,4076.303,4075.848,460,2250
2021-04-06 00:42:45.504000,4076.546,4075.899,2250,2250
2021-04-06 00:42:45.626000,4076.557,4075.951,460,2250
2021-04-06 00:42:45.676000,4076.664,4075.951,2250,2250
2021-04-06 00:42:46.490000,4076.651,4075.642,2710,4190
2021-04-06 00:42:46.540000,4076.361,4075.639,2250,2250
2021-04-06 00:42:49.602000,4076.663,4075.636,2710,4190
2021-04-06 00:42:49.653000,4076.661,4075.945,2250,2250
2021-04-06 00:42:52.970000,4076.355,4075.633,2250,2250
2021-04-06 00:43:01.129000,4076.36,4075.448,2710,4190
2021-04-06 00:43:01.179000,4076.155,4075.433,2250,2250
2021-04-06 00:43:05.514000,4076.246,4075.539,2250,2250
2021-04-06 00:43:07.353000,4076.251,4075.636,460,2250
2021-04-06 00:43:07.403000,4076.367,4075.636,2250,2250
2021-04-06 00:43:07.989000,4076.366,4075.433,2710,4190
2021-04-06 00:43:08.040000,4076.161,4075.445,2250,2250
2021-04-06 00:43:14.162000,4076.148,4075.545,460,2250
2021-04-06 00:43:14.213000,4076.255,4075.599,2250,2250
2021-04-06 00:43:14.424000,4076.158,4075.439,2250,2250
2021-04-06 00:43:31.147000,4076.103,4075.545,460,2250
2021-04-06 00:43:31.197000,4076.246,4075.533,2250,2250
2021-04-06 00:43:33.273000,4076.263,4075.645,460,2250
2021-04-06 00:43:33.323000,4076.361,4075.633,2250,2250
2021-04-06 00:43:33.429000,4076.354,4075.599,2710,4190
2021-04-06 00:43:33.479000,4076.255,4075.536,2250,2250
2021-04-06 00:43:34.894000,4076.364,4075.645,2250,2250
2021-04-06 00:43:46.820000,4076.351,4075.942,460,2250
2021-04-06 00:43:46.871000,4076.601,4075.945,2250,2250
2021-04-06 00:43:48.878000,4076.552,4075.899,2250,2250
2021-04-06 00:43:49.415000,4076.349,4075.636,2250,2250
2021-04-06 00:43:50.471000,4076.369,4075.845,460,2250
2021-04-06 00:43:50.521000,4076.546,4075.851,2250,2250
2021-04-06 00:43:51.267000,4076.566,4075.999,460,2250
2021-04-06 00:43:51.317000,4076.601,4075.942,2250,2250
2021-04-06 00:43:59.872000,4076.554,4075.936,460,2250
2021-04-06 00:43:59.923000,4076.555,4075.845,2250,2250
2021-04-06 00:44:02.299000,4076.554,4075.939,460,2250
2021-04-06 00:44:02.349000,4076.652,4075.951,2250,2250
2021-04-06 00:45:02.620000,4076.603,4075.699,2710,4190
2021-04-06 00:45:02.671000,4076.367,4075.639,2250,2250
2021-04-06 00:45:06.515000,4076.357,4075.836,460,2250
2021-04-06 00:45:06.566000,4076.501,4075.833,2250,2250
2021-04-06 00:45:06.781000,4076.503,4075.948,460,2250
2021-04-06 00:45:06.832000,4076.667,4075.942,2250,2250
2021-04-06 00:45:36.315000,4076.657,4075.833,2710,4190
2021-04-06 00:45:36.365000,4076.555,4075.845,2250,2250
2021-04-06 00:45:37.959000,4076.566,4075.639,2710,4190
2021-04-06 00:45:38.010000,4076.301,4075.648,2250,2250
2021-04-06 00:45:41.260000,4076.652,4075.936,2250,2250
2021-04-06 00:45:41.582000,4076.648,4075.851,2710,4190
2021-04-06 00:45:41.633000,4076.567,4075.833,2250,2250
2021-04-06 00:45:42.155000,4076.548,4075.951,460,2250
2021-04-06 00:45:42.205000,4076.658,4075.999,2250,2250
2021-04-06 00:45:43.999000,4076.669,4075.645,2710,4190
2021-04-06 00:45:44.049000,4076.349,4075.636,2250,2250
2021-04-06 00:45:44.160000,4076.351,4075.833,460,2250
2021-04-06 00:45:44.211000,4076.564,4075.836,2250,2250
2021-04-06 00:45:44.751000,4076.56,4075.939,460,2250
2021-04-06 00:45:44.801000,4076.646,4075.939,2250,2250
2021-04-06 00:45:49.248000,4076.367,4075.651,2250,2250
2021-04-06 00:46:10.801000,4076.363,4075.951,460,2250
2021-04-06 00:46:10.851000,4076.661,4075.945,2250,2250
2021-04-06 00:46:31.049000,4076.654,4076.142,460,2250
2021-04-06 00:46:31.100000,4076.864,4076.142,2250,2250
2021-04-06 00:46:31.212000,4076.848,4076.048,2710,4190
2021-04-06 00:46:31.262000,4076.752,4076.099,2250,2250
2021-04-06 00:46:31.725000,4076.748,4075.933,2710,4190
2021-04-06 00:46:31.776000,4076.646,4075.999,2250,2250
2021-04-06 00:46:41.498000,4076.663,4076.139,460,2250
2021-04-06 00:46:41.549000,4076.867,4076.133,2250,2250
2021-04-06 00:46:41.839000,4076.757,4076.136,460,2250
2021-04-06 00:46:41.890000,4076.752,4076.045,2250,2250
2021-04-06 00:46:41.998000,4076.769,4075.933,2710,4190
2021-04-06 00:46:42.048000,4076.661,4075.942,2250,2250
2021-04-06 00:46:45.548000,4076.657,4076.145,460,2250
2021-04-06 00:46:45.598000,4076.867,4076.133,2250,2250
2021-04-06 00:47:31.972000,4076.866,4075.933,2710,4190
2021-04-06 00:47:32.023000,4076.655,4075.939,2250,2250
2021-04-06 00:47:42.825000,4076.669,4076.148,460,2250
2021-04-06 00:47:42.876000,4076.858,4076.136,2250,2250
2021-04-06 00:47:59.129000,4076.848,4076.439,460,2250
2021-04-06 00:47:59.180000,4077.161,4076.436,2250,2250
2021-04-06 00:48:03.488000,4077.166,4076.154,2710,4190
2021-04-06 00:48:03.539000,4076.849,4076.151,2250,2250
2021-04-06 00:48:06.702000,4076.866,4076.451,460,2250
2021-04-06 00:48:06.752000,4077.155,4076.445,2250,2250
2021-04-06 00:48:08.362000,4077.163,4076.154,2710,4190
2021-04-06 00:48:08.412000,4076.855,4076.142,2250,2250
2021-04-06 00:48:47.746000,4076.851,4076.499,460,2250
2021-04-06 00:48:47.796000,4077.164,4076.451,2250,2250
2021-04-06 00:48:51.086000,4077.148,4076.148,2710,4190
2021-04-06 00:48:51.136000,4076.861,4076.154,2250,2250
2021-04-06 00:50:19.948000,4077.155,4076.436,2250,2250
2021-04-06 00:50:29.422000,4077.16,4076.636,460,2250
2021-04-06 00:50:29.473000,4077.355,4076.645,2250,2250
2021-04-06 00:50:40.430000,4077.601,4076.954,2250,2250
2021-04-06 00:51:14.982000,4077.648,4076.699,2710,4190
2021-04-06 00:51:15.032000,4077.364,4076.645,2250,2250
2021-04-06 00:51:16.266000,4077.351,4076.436,2710,4190
2021-04-06 00:51:16.316000,4077.161,4076.433,2250,2250
2021-04-06 00:51:19.499000,4077.103,4076.645,460,2250
2021-04-06 00:51:19.550000,4077.352,4076.633,2250,2250
2021-04-06 00:51:22.923000,4077.354,4076.542,2710,4190
2021-04-06 00:51:22.974000,4077.264,4076.533,2250,2250
2021-04-06 00:51:24.573000,4077.248,4076.654,460,2250
2021-04-06 00:51:24.624000,4077.364,4076.636,2250,2250
2021-04-06 00:51:26.758000,4077.363,4076.533,2710,4190
2021-04-06 00:51:26.809000,4077.201,4076.533,2250,2250
2021-04-06 00:51:26.955000,4077.149,4076.442,2250,2250
2021-04-06 00:51:27.559000,4077.148,4076.536,460,2250
2021-04-06 00:51:27.609000,4077.258,4076.542,2250,2250
2021-04-06 00:51:27.822000,4077.257,4076.454,2710,4190
2021-04-06 00:51:27.873000,4077.101,4076.451,2250,2250
2021-04-06 00:51:38.618000,4077.151,4076.351,2710,4190
2021-04-06 00:51:38.669000,4077.049,4076.345,2250,2250
2021-04-06 00:51:39.167000,4077.167,4076.451,2250,2250
2021-04-06 00:51:51.198000,4077.169,4076.133,2710,4190
2021-04-06 00:51:51.248000,4076.852,4076.199,2250,2250
2021-04-06 00:51:51.519000,4076.848,4076.451,460,2250
2021-04-06 00:51:51.569000,4077.152,4076.439,2250,2250
2021-04-06 00:51:55.481000,4077.151,4076.333,2710,4190
2021-04-06 00:51:55.532000,4077.046,4076.342,2250,2250
2021-04-06 00:51:57.273000,4077.066,4076.151,2710,4190
2021-04-06 00:51:57.324000,4076.867,4076.151,2250,2250
2021-04-06 00:52:00.812000,4076.854,4075.951,2710,4190
2021-04-06 00:52:00.862000,4076.646,4075.951,2250,2250
2021-04-06 00:52:02.345000,4076.66,4076.039,460,2250
2021-04-06 00:52:02.396000,4076.767,4076.045,2250,2250
2021-04-06 00:52:03.159000,4076.769,4076.136,460,2250
2021-04-06 00:52:03.210000,4076.861,4076.133,2250,2250
2021-04-06 00:52:04.420000,4076.866,4076.054,2710,4190
2021-04-06 00:52:04.470000,4076.767,4076.048,2250,2250
2021-04-06 00:52:04.587000,4076.849,4076.133,2250,2250
2021-04-06 00:52:06.024000,4076.869,4075.948,2710,4190
2021-04-06 00:52:06.074000,4076.661,4075.942,2250,2250
2021-04-06 00:52:07.051000,4076.654,4076.054,460,2250
2021-04-06 00:52:07.101000,4076.752,4076.045,2250,2250
2021-04-06 00:52:07.229000,4076.864,4076.142,2250,2250
2021-04-06 00:52:08.286000,4076.866,4075.939,2710,4190
2021-04-06 00:52:08.336000,4076.658,4075.936,2250,2250
2021-04-06 00:52:14.081000,4076.654,4076.199,460,2250
2021-04-06 00:52:14.131000,4076.867,4076.139,2250,2250
2021-04-06 00:52:35.883000,4076.848,4076.448,460,2250
2021-04-06 00:52:35.933000,4077.152,4076.499,2250,2250
2021-04-06 00:52:43.295000,4077.166,4076.651,460,2250
2021-04-06 00:52:43.345000,4077.361,4076.645,2250,2250
2021-04-06 00:52:45.925000,4077.363,4076.436,2710,4190
2021-04-06 00:52:45.975000,4077.158,4076.433,2250,2250
2021-04-06 00:53:08.548000,4077.163,4076.148,2710,4190
2021-04-06 00:53:08.598000,4076.801,4076.133,2250,2250
2021-04-06 00:53:08.709000,4076.803,4076.342,460,2250
2021-04-06 00:53:08.759000,4077.058,4076.333,2250,2250
2021-04-06 00:53:08.869000,4077.069,4076.136,2710,4190
2021-04-06 00:53:08.919000,4076.858,4076.136,2250,2250
2021-04-06 00:53:14.465000,4076.803,4076.399,460,2250
2021-04-06 00:53:14.515000,4077.001,4076.336,2250,2250
2021-04-06 00:53:14.627000,4077.063,4076.154,2710,4190
2021-04-06 00:53:14.678000,4076.864,4076.148,2250,2250
2021-04-06 00:53:18.545000,4076.869,4076.499,460,2250
2021-04-06 00:53:18.596000,4077.149,4076.436,2250,2250
2021-04-06 00:54:02.320000,4077.148,4076.151,2710,4190
2021-04-06 00:54:02.370000,4076.849,4076.199,2250,2250
2021-04-06 00:54:05.266000,4076.848,4076.442,460,2250
2021-04-06 00:54:05.316000,4077.146,4076.448,2250,2250
2021-04-06 00:54:15.210000,4077.163,4076.554,460,2250
2021-04-06 00:54:15.261000,4077.246,4076.599,2250,2250
2021-04-06 00:54:15.571000,4077.257,4076.451,2710,4190
2021-04-06 00:54:15.621000,4077.152,4076.445,2250,2250
2021-04-06 00:54:16.134000,4077.157,4076.542,460,2250
2021-04-06 00:54:16.184000,4077.246,4076.539,2250,2250
2021-04-06 00:54:16.532000,4077.263,4076.442,2710,4190
2021-04-06 00:54:16.582000,4077.164,4076.445,2250,2250
2021-04-06 00:54:18.049000,4077.157,4076.539,460,2250
2021-04-06 00:54:18.099000,4077.264,4076.599,2250,2250
2021-04-06 00:54:18.210000,4077.266,4076.651,460,2250
2021-04-06 00:54:18.261000,4077.355,4076.633,2250,2250
2021-04-06 00:54:31.247000,4077.351,4076.948,460,2250
2021-04-06 00:54:31.297000,4077.655,4076.942,2250,2250
2021-04-06 00:54:36.006000,4077.66,4076.848,2710,4190
2021-04-06 00:54:36.056000,4077.549,4076.839,2250,2250
2021-04-06 00:54:36.225000,4077.554,4076.948,460,2250
2021-04-06 00:54:36.275000,4077.646,4076.936,2250,2250
2021-04-06 00:54:51.959000,4077.654,4076.654,2710,4190
2021-04-06 00:54:52.009000,4077.301,4076.642,2250,2250
2021-04-06 00:54:55.572000,4077.601,4076.999,2250,2250
2021-04-06 00:55:00.361000,4077.603,4076.851,2710,4190
2021-04-06 00:55:00.411000,4077.501,4076.842,2250,2250
2021-04-06 00:55:00.523000,4077.655,4076.948,2250,2250
2021-04-06 00:55:19.131000,4077.657,4076.851,2710,4190
2021-04-06 00:55:19.181000,4077.549,4076.848,2250,2250
2021-04-06 00:55:19.710000,4077.646,4076.954,2250,2250
2021-04-06 00:55:20.661000,4077.561,4076.851,2250,2250
2021-04-06 00:55:20.991000,4077.352,4076.699,2250,2250
2021-04-06 00:55:26.842000,4077.369,4076.839,460,2250
2021-04-06 00:55:26.893000,4077.555,4076.854,2250,2250
2021-04-06 00:55:27.002000,4077.563,4076.648,2710,4190
2021-04-06 00:55:27.052000,4077.358,4076.651,2250,2250
2021-04-06 00:55:58.864000,4077.354,4076.839,460,2250
2021-04-06 00:55:58.915000,4077.558,4076.854,2250,2250
2021-04-06 00:55:59.402000,4077.563,4076.951,460,2250
2021-04-06 00:55:59.453000,4077.655,4076.933,2250,2250
2021-04-06 00:56:01.021000,4077.651,4076.642,2710,4190
2021-04-06 00:56:01.072000,4077.367,4076.699,2250,2250
2021-04-06 00:56:03.157000,4077.354,4076.942,460,2250
2021-04-06 00:56:03.208000,4077.655,4076.945,2250,2250
2021-04-06 00:56:10.184000,4077.666,4076.636,2710,4190
2021-04-06 00:56:10.234000,4077.358,4076.648,2250,2250
2021-04-06 00:56:12.000000,4077.366,4076.948,460,2250
2021-04-06 00:56:12.050000,4077.664,4076.954,2250,2250
2021-04-06 00:56:21.802000,4077.669,4077.145,460,2250
2021-04-06 00:56:21.852000,4077.855,4077.139,2250,2250
2021-04-06 00:56:29.464000,4077.857,4076.939,2710,4190
2021-04-06 00:56:29.514000,4077.601,4076.999,2250,2250
2021-04-06 00:56:35.624000,4077.761,4077.051,2250,2250
2021-04-06 00:56:35.777000,4077.76,4077.133,460,2250
2021-04-06 00:56:35.828000,4077.852,4077.151,2250,2250
2021-04-06 00:56:40.246000,4077.854,4076.936,2710,4190
2021-04-06 00:56:40.297000,4077.649,4076.942,2250,2250
2021-04-06 00:56:41.413000,4077.66,4077.133,460,2250
2021-04-06 00:56:41.463000,4077.861,4077.154,2250,2250
2021-04-06 00:57:03.228000,4077.86,4076.936,2710,4190
2021-04-06 00:57:03.279000,4077.661,4076.948,2250,2250
2021-04-06 00:57:17.802000,4077.301,4076.645,2250,2250
2021-04-06 00:57:27.941000,4077.36,4076.948,460,2250
2021-04-06 00:57:27.992000,4077.667,4076.933,2250,2250
2021-04-06 00:58:44.563000,4077.36,4076.948,460,2250
2021-04-06 00:58:44.613000,4077.361,4076.651,2250,2250
2021-04-06 00:59:09.459000,4077.146,4076.448,2250,2250
2021-04-06 00:59:35.762000,4077.103,4076.545,460,2250
2021-04-06 00:59:35.813000,4077.261,4076.536,2250,2250
2021-04-06 00:59:35.922000,4077.203,4076.445,2710,4190
2021-04-06 00:59:35.973000,4077.161,4076.439,2250,2250
2021-04-06 00:59:40.491000,4077.264,4076.548,2250,2250
2021-04-06 00:59:40.985000,4077.203,4076.442,2710,4190
2021-04-06 00:59:41.035000,4077.152,4076.433,2250,2250
2021-04-06 00:59:42.293000,4077.169,4076.633,460,2250
2021-04-06 00:59:42.343000,4077.355,4076.645,2250,2250
2021-04-06 01:00:03.142000,4077.654,4076.648,2710,4190
2021-04-06 01:00:03.193000,4077.667,4076.948,2250,2250
2021-04-06 01:00:10.906000,4077.651,4077.042,460,2250
2021-04-06 01:00:10.957000,4077.701,4077.042,2250,2250
2021-04-06 01:00:11.065000,4077.703,4077.139,460,2250
2021-04-06 01:00:11.115000,4077.846,4077.151,2250,2250
2021-04-06 01:00:11.545000,4077.86,4076.999,2710,4190
2021-04-06 01:00:11.596000,4077.652,4076.951,2250,2250
2021-04-06 01:00:11.704000,4077.748,4076.954,2710,4190
2021-04-06 01:00:11.754000,4077.749,4077.051,2250,2250
2021-04-06 01:00:11.865000,4077.766,4076.954,2710,4190
2021-04-06 01:00:11.916000,4077.646,4076.945,2250,2250
2021-04-06 01:00:12.023000,4077.666,4077.033,460,2250
2021-04-06 01:00:12.074000,4077.767,4077.042,2250,2250
2021-04-06 01:00:12.184000,4077.763,4077.145,460,2250
2021-04-06 01:00:12.235000,4077.801,4077.199,2250,2250
2021-04-06 01:00:18.723000,4077.803,4077.442,460,2250
2021-04-06 01:00:18.774000,4078.146,4077.499,2250,2250
2021-04-06 01:00:22.293000,4078.151,4077.133,2710,4190
2021-04-06 01:00:22.343000,4077.801,4077.154,2250,2250
2021-04-06 01:00:32.982000,4077.664,4076.936,2250,2250
2021-04-06 01:00:33.109000,4077.651,4077.139,460,2250
2021-04-06 01:00:33.160000,4077.864,4077.136,2250,2250
2021-04-06 01:00:45.798000,4077.863,4077.448,460,2250
2021-04-06 01:00:45.848000,4078.167,4077.442,2250,2250
2021-04-06 01:00:57.558000,4078.169,4077.533,460,2250
2021-04-06 01:00:57.608000,4078.255,4077.551,2250,2250
2021-04-06 01:00:57.890000,4078.263,4077.633,460,2250
2021-04-06 01:00:57.941000,4078.361,4077.699,2250,2250
2021-04-06 01:00:58.067000,4078.155,4077.445,2250,2250
2021-04-06 01:00:58.874000,4078.166,4077.536,460,2250
2021-04-06 01:00:58.924000,4078.246,4077.539,2250,2250
2021-04-06 01:00:59.134000,4078.251,4077.436,2710,4190
2021-04-06 01:00:59.184000,4078.152,4077.436,2250,2250
2021-04-06 01:00:59.455000,4078.166,4077.636,460,2250
2021-04-06 01:00:59.505000,4078.367,4077.651,2250,2250
2021-04-06 01:01:00.447000,4078.303,4077.539,2710,4190
2021-04-06 01:01:00.497000,4078.255,4077.542,2250,2250
2021-04-06 01:01:00.904000,4078.26,4077.436,2710,4190
2021-04-06 01:01:00.954000,4078.152,4077.451,2250,2250
2021-04-06 01:01:08.237000,4078.151,4077.199,2710,4190
2021-04-06 01:01:08.288000,4077.852,4077.148,2250,2250
2021-04-06 01:01:12.260000,4077.655,4076.999,2250,2250
2021-04-06 01:01:35.935000,4077.657,4076.836,2710,4190
2021-04-06 01:01:35.985000,4077.549,4076.851,2250,2250
2021-04-06 01:01:36.277000,4077.557,4076.999,460,2250
2021-04-06 01:01:36.327000,4077.649,4076.933,2250,2250
2021-04-06 01:01:36.434000,4077.66,4076.654,2710,4190
2021-04-06 01:01:36.484000,4077.355,4076.654,2250,2250
2021-04-06 01:01:36.892000,4077.36,4076.833,460,2250
2021-04-06 01:01:36.943000,4077.567,4076.842,2250,2250
2021-04-06 01:01:38.675000,4077.366,4076.839,460,2250
2021-04-06 01:01:38.725000,4077.352,4076.648,2250,2250
2021-04-06 01:01:39.150000,4077.303,4076.836,460,2250
2021-04-06 01:01:39.200000,4077.564,4076.845,2250,2250
2021-04-06 01:01:39.517000,4077.548,4076.636,2710,4190
2021-04-06 01:01:39.567000,4077.358,4076.699,2250,2250
2021-04-06 01:01:39.677000,4077.357,4076.833,460,2250
2021-04-06 01:01:39.727000,4077.561,4076.851,2250,2250
2021-04-06 01:01:41.234000,4077.56,4076.999,460,2250
2021-04-06 01:01:41.284000,4077.601,4076.951,2250,2250
2021-04-06 01:02:25.033000,4077.666,4076.842,2710,4190
2021-04-06 01:02:25.083000,4077.546,4076.845,2250,2250
2021-04-06 01:02:25.221000,4077.667,4076.945,2250,2250
2021-04-06 01:02:26.152000,4077.648,4076.699,2710,4190
2021-04-06 01:02:26.202000,4077.352,4076.645,2250,2250
2021-04-06 01:02:39.198000,4077.651,4076.648,2710,4190
2021-04-06 01:02:39.248000,4077.661,4076.954,2250,2250
2021-04-06 01:02:42.752000,4077.66,4076.639,2710,4190
2021-04-06 01:02:42.802000,4077.364,4076.645,2250,2250
2021-04-06 01:03:00.476000,4077.351,4076.933,460,2250
2021-04-06 01:03:00.526000,4077.664,4076.951,2250,2250
2021-04-06 01:03:25.681000,4077.657,4077.199,460,2250
2021-04-06 01:03:25.731000,4077.852,4077.145,2250,2250
2021-04-06 01:03:34.876000,4077.601,4076.933,2250,2250
2021-04-06 01:03:40.902000,4077.351,4076.942,460,2250
2021-04-06 01:03:40.952000,4077.358,4076.633,2250,2250
2021-04-06 01:03:43.886000,4077.348,4076.939,460,2250
2021-04-06 01:03:43.936000,4077.661,4076.954,2250,2250
2021-04-06 01:03:44.045000,4077.669,4076.842,2710,4190
2021-04-06 01:03:44.095000,4077.549,4076.839,2250,2250
2021-04-06 01:03:44.259000,4077.548,4076.639,2710,4190
2021-04-06 01:03:44.309000,4077.358,4076.639,2250,2250
2021-04-06 01:03:45.768000,4077.555,4076.854,2250,2250
2021-04-06 01:03:45.928000,4077.566,4076.951,460,2250
2021-04-06 01:03:45.978000,4077.667,4076.939,2250,2250
2021-04-06 01:03:46.690000,4077.648,4076.848,2710,4190
2021-04-06 01:03:46.740000,4077.549,4076.854,2250,2250
2021-04-06 01:03:47.208000,4077.554,4076.654,2710,4190
2021-04-06 01:03:47.258000,4077.361,4076.651,2250,2250
2021-04-06 01:03:47.366000,4077.351,4076.842,460,2250
2021-04-06 01:03:47.417000,4077.555,4076.839,2250,2250
2021-04-06 01:03:48.518000,4077.563,4076.933,460,2250
2021-04-06 01:03:48.568000,4077.661,4076.942,2250,2250
2021-04-06 01:03:49.072000,4077.654,4076.651,2710,4190
2021-04-06 01:03:49.123000,4077.361,4076.645,2250,2250
2021-04-06 01:03:49.729000,4077.549,4076.845,2250,2250
2021-04-06 01:03:50.807000,4077.56,4076.999,460,2250
2021-04-06 01:03:50.858000,4077.646,4076.942,2250,2250
2021-04-06 01:03:50.967000,4077.663,4076.833,2710,4190
2021-04-06 01:03:51.018000,4077.552,4076.848,2250,2250
2021-04-06 01:03:51.777000,4077.554,4076.951,460,2250
2021-04-06 01:03:51.828000,4077.649,4076.948,2250,2250
2021-04-06 01:03:51.938000,4077.357,4076.948,460,2250
2021-04-06 01:03:51.988000,4077.346,4076.639,2250,2250
2021-04-06 01:03:52.096000,4077.363,4076.836,460,2250
2021-04-06 01:03:52.146000,4077.555,4076.842,2250,2250
2021-04-06 01:03:53.566000,4077.554,4076.942,460,2250
2021-04-06 01:03:53.616000,4077.664,4076.936,2250,2250
2021-04-06 01:03:55.084000,4077.648,4076.833,2710,4190
2021-04-06 01:03:55.134000,4077.501,4076.845,2250,2250
2021-04-06 01:03:56.459000,4077.551,4076.636,2710,4190
2021-04-06 01:03:56.509000,4077.349,4076.654,2250,2250
2021-04-06 01:04:02.501000,4077.348,4076.999,460,2250
2021-04-06 01:04:02.552000,4077.661,4076.951,2250,2250
2021-04-06 01:04:07.887000,4077.651,4076.636,2710,4190
2021-04-06 01:04:07.937000,4077.364,4076.651,2250,2250
2021-04-06 01:04:08.547000,4077.501,4076.848,2250,2250
2021-04-06 01:04:10.344000,4077.563,4076.951,460,2250
2021-04-06 01:04:10.394000,4077.658,4076.948,2250,2250
2021-04-06 01:04:11.847000,4077.552,4076.848,2250,2250
2021-04-06 01:04:11.990000,4077.503,4076.699,2710,4190
2021-04-06 01:04:12.040000,4077.364,4076.645,2250,2250
2021-04-06 01:04:12.311000,4077.357,4076.833,460,2250
2021-04-06 01:04:12.362000,4077.567,4076.899,2250,2250
2021-04-06 01:04:13.562000,4077.569,4076.948,460,2250
2021-04-06 01:04:13.612000,4077.667,4076.954,2250,2250
2021-04-06 01:04:16.414000,4077.654,4076.645,2710,4190
2021-04-06 01:04:16.464000,4077.358,4076.651,2250,2250
2021-04-06 01:04:17.163000,4077.36,4076.848,460,2250
2021-04-06 01:04:17.213000,4077.564,4076.854,2250,2250
2021-04-06 01:04:17.323000,4077.566,4076.636,2710,4190
2021-04-06 01:04:17.373000,4077.364,4076.642,2250,2250
2021-04-06 01:05:03.175000,4077.36,4076.942,460,2250
2021-04-06 01:05:03.226000,4077.664,4076.951,2250,2250
2021-04-06 01:05:14.908000,4077.864,4077.148,2250,2250
2021-04-06 01:05:21.244000,4077.851,4076.933,2710,4190
2021-04-06 01:05:21.294000,4077.655,4076.933,2250,2250
2021-04-06 01:05:23.694000,4077.349,4076.636,2250,2250
2021-04-06 01:05:25.294000,4077.351,4076.945,460,2250
2021-04-06 01:05:25.344000,4077.646,4076.936,2250,2250
2021-04-06 01:05:36.206000,4077.657,4076.651,2710,4190
2021-04-06 01:05:36.256000,4077.349,4076.699,2250,2250
2021-04-06 01:05:36.694000,4077.646,4076.942,2250,2250
2021-04-06 01:05:40.688000,4077.648,4076.648,2710,4190
2021-04-06 01:05:40.739000,4077.364,4076.642,2250,2250
2021-04-06 01:05:41.251000,4077.351,4076.939,460,2250
2021-04-06 01:05:41.302000,4077.661,4076.951,2250,2250
2021-04-06 01:05:46.059000,4077.651,4076.648,2710,4190
2021-04-06 01:05:46.113000,4077.346,4076.645,2250,2250
2021-04-06 01:05:57.751000,4077.366,4076.433,2710,4190
2021-04-06 01:05:57.801000,4077.152,4076.445,2250,2250
2021-04-06 01:06:39.467000,4077.263,4076.439,2710,4190
2021-04-06 01:06:39.517000,4077.258,4076.542,2250,2250
2021-04-06 01:06:39.625000,4077.203,4076.639,460,2250
2021-04-06 01:06:39.676000,4077.358,4076.633,2250,2250
2021-04-06 01:06:50.093000,4077.151,4076.642,460,2250
2021-04-06 01:06:50.143000,4077.149,4076.454,2250,2250
2021-04-06 01:07:13.285000,4077.163,4076.199,2710,4190
2021-04-06 01:07:13.335000,4076.864,4076.139,2250,2250
2021-04-06 01:07:23.633000,4076.655,4075.999,2250,2250
2021-04-06 01:08:00.161000,4076.654,4075.645,2710,4190
2021-04-06 01:08:00.211000,4076.352,4075.651,2250,2250
2021-04-06 01:08:00.319000,4076.357,4075.854,460,2250
2021-04-06 01:08:00.370000,4076.546,4075.833,2250,2250
2021-04-06 01:08:00.938000,4076.358,4075.699,2250,2250
2021-04-06 01:08:06.551000,4076.161,4075.451,2250,2250
2021-04-06 01:08:09.127000,4076.157,4074.954,2710,4190
2021-04-06 01:08:09.178000,4075.664,4074.933,2250,2250
2021-04-06 01:08:16.141000,4075.751,4074.936,2710,4190
2021-04-06 01:08:16.192000,4075.746,4075.039,2250,2250
2021-04-06 01:08:16.291000,4075.754,4075.145,460,2250
2021-04-06 01:08:16.342000,4075.801,4075.139,2250,2250
2021-04-06 01:08:23.561000,4075.851,4075.348,460,2250
2021-04-06 01:08:23.611000,4076.058,4075.336,2250,2250
2021-04-06 01:08:24.079000,4076.101,4075.499,2250,2250
2021-04-06 01:08:25.116000,4076.16,4075.139,2710,4190
2021-04-06 01:08:25.166000,4075.864,4075.136,2250,2250
2021-04-06 01:08:29.658000,4075.646,4074.942,2250,2250
2021-04-06 01:08:33.417000,4075.603,4075.136,460,2250
2021-04-06 01:08:33.468000,4075.849,4075.199,2250,2250
2021-04-06 01:08:33.619000,4075.758,4075.039,2250,2250
2021-04-06 01:08:33.740000,4075.748,4074.942,2710,4190
2021-04-06 01:08:33.790000,4075.646,4074.945,2250,2250
2021-04-06 01:08:41.035000,4075.666,4074.836,2710,4190
2021-04-06 01:08:41.085000,4075.549,4074.899,2250,2250
2021-04-06 01:08:41.212000,4075.658,4074.954,2250,2250
2021-04-06 01:08:41.909000,4075.603,4074.633,2710,4190
2021-04-06 01:08:41.959000,4075.352,4074.699,2250,2250
2021-04-06 01:08:42.070000,4075.303,4074.836,460,2250
2021-04-06 01:08:42.121000,4075.552,4074.833,2250,2250
2021-04-06 01:08:42.389000,4075.554,4074.948,460,2250
2021-04-06 01:08:42.440000,4075.655,4074.942,2250,2250
2021-04-06 01:09:03.657000,4075.358,4074.699,2250,2250
2021-04-06 01:09:14.305000,4075.354,4074.851,460,2250
2021-04-06 01:09:14.355000,4075.546,4074.899,2250,2250
2021-04-06 01:09:14.694000,4075.503,4074.951,460,2250
2021-04-06 01:09:14.744000,4075.646,4074.939,2250,2250
2021-04-06 01:09:15.213000,4075.352,4074.639,2250,2250
2021-04-06 01:09:15.338000,4075.36,4074.851,460,2250
2021-04-06 01:09:15.388000,4075.549,4074.842,2250,2250
2021-04-06 01:09:15.637000,4075.56,4074.933,460,2250
2021-04-06 01:09:15.688000,4075.652,4074.954,2250,2250
2021-04-06 01:09:17.685000,4075.663,4074.639,2710,4190
2021-04-06 01:09:17.735000,4075.301,4074.645,2250,2250
2021-04-06 01:09:18.012000,4075.363,4074.842,460,2250
2021-04-06 01:09:18.062000,4075.561,4074.899,2250,2250
2021-04-06 01:09:18.235000,4075.557,4074.945,460,2250
2021-04-06 01:09:18.285000,4075.667,4074.942,2250,2250
2021-04-06 01:09:43.864000,4075.651,4074.445,2710,4190
2021-04-06 01:09:43.914000,4075.149,4074.442,2250,2250
2021-04-06 01:09:44.021000,4075.157,4074.136,2710,4190
2021-04-06 01:09:44.071000,4074.852,4074.145,2250,2250
2021-04-06 01:09:46.952000,4074.866,4074.099,2710,4190
2021-04-06 01:09:47.002000,4074.746,4074.099,2250,2250
2021-04-06 01:09:47.366000,4074.748,4074.136,460,2250
2021-04-06 01:09:47.416000,4074.858,4074.199,2250,2250
2021-04-06 01:09:48.417000,4074.863,4073.948,2710,4190
2021-04-06 01:09:48.467000,4074.664,4073.999,2250,2250
2021-04-06 01:09:49.213000,4074.864,4074.139,2250,2250
2021-04-06 01:09:50.894000,4074.854,4073.633,2710,4190
2021-04-06 01:09:50.944000,4074.301,4073.642,2250,2250
2021-04-06 01:09:51.053000,4074.366,4073.939,460,2250
2021-04-06 01:09:51.104000,4074.646,4073.951,2250,2250
2021-04-06 01:09:57.463000,4075.161,4074.439,2250,2250
2021-04-06 01:10:05.318000,4075.103,4074.633,460,2250
2021-04-06 01:10:05.369000,4075.346,4074.636,2250,2250
2021-04-06 01:10:09.017000,4075.646,4074.942,2250,2250
2021-04-06 01:10:15.054000,4075.651,4074.636,2710,4190
2021-04-06 01:10:15.105000,4075.358,4074.654,2250,2250
2021-04-06 01:10:33.018000,4075.354,4074.436,2710,4190
2021-04-06 01:10:33.068000,4075.167,4074.445,2250,2250
2021-04-06 01:10:46.002000,4075.16,4074.642,460,2250
2021-04-06 01:10:46.053000,4075.364,4074.645,2250,2250
2021-04-06 01:10:52.063000,4075.36,4074.954,460,2250
2021-04-06 01:10:52.113000,4075.646,4074.942,2250,2250
2021-04-06 01:10:52.272000,4075.546,4074.899,2250,2250
2021-04-06 01:10:54.690000,4075.56,4074.999,460,2250
2021-04-06 01:10:54.740000,4075.661,4074.942,2250,2250
2021-04-06 01:10:55.011000,4075.666,4074.845,2710,4190
2021-04-06 01:10:55.061000,4075.555,4074.839,2250,2250
2021-04-06 01:10:55.636000,4075.503,4074.945,460,2250
2021-04-06 01:10:55.700000,4075.658,4074.948,2250,2250
2021-04-06 01:10:55.795000,4075.364,4074.645,2250,2250
2021-04-06 01:11:03.335000,4075.348,4074.436,2710,4190
2021-04-06 01:11:03.386000,4075.155,4074.448,2250,2250
2021-04-06 01:11:03.654000,4075.103,4074.699,460,2250
2021-04-06 01:11:03.705000,4075.355,4074.633,2250,2250
2021-04-06 01:11:26.798000,4075.366,4074.936,460,2250
2021-04-06 01:11:26.849000,4075.661,4074.945,2250,2250
2021-04-06 01:11:33.489000,4075.669,4074.642,2710,4190
2021-04-06 01:11:33.539000,4075.355,4074.648,2250,2250
2021-04-06 01:11:42.632000,4075.366,4074.939,460,2250
2021-04-06 01:11:42.683000,4075.661,4074.999,2250,2250
2021-04-06 01:11:43.689000,4075.648,4074.899,2710,4190
2021-04-06 01:11:43.740000,4075.546,4074.851,2250,2250
2021-04-06 01:11:44.125000,4075.603,4074.899,2710,4190
2021-04-06 01:11:44.175000,4075.667,4074.999,2250,2250
2021-04-06 01:11:51.924000,4075.366,4074.933,460,2250
2021-04-06 01:11:51.974000,4075.361,4074.648,2250,2250
2021-04-06 01:12:04.960000,4075.366,4074.954,460,2250
2021-04-06 01:12:05.010000,4075.661,4074.951,2250,2250
2021-04-06 01:12:27.281000,4075.666,4074.842,2710,4190
2021-04-06 01:12:27.331000,4075.501,4074.899,2250,2250
2021-04-06 01:12:28.826000,4075.503,4074.954,460,2250
2021-04-06 01:12:28.876000,4075.652,4074.999,2250,2250
2021-04-06 01:12:35.346000,4075.669,4074.654,2710,4190
2021-04-06 01:12:35.396000,4075.367,4074.645,2250,2250
2021-04-06 01:12:43.888000,4075.167,4074.436,2250,2250
2021-04-06 01:12:49.833000,4075.166,4074.136,2710,4190
2021-04-06 01:12:49.884000,4074.852,4074.199,2250,2250
2021-04-06 01:12:50.165000,4074.851,4074.439,460,2250
2021-04-06 01:12:50.216000,4075.101,4074.499,2250,2250
2021-04-06 01:12:50.314000,4075.103,4074.354,2710,4190
2021-04-06 01:12:50.365000,4075.049,4074.339,2250,2250
2021-04-06 01:12:50.692000,4075.054,4074.154,2710,4190
2021-04-06 01:12:50.742000,4074.849,4074.145,2250,2250
2021-04-06 01:12:50.846000,4074.848,4074.351,460,2250
2021-04-06 01:12:50.896000,4075.001,4074.342,2250,2250
2021-04-06 01:12:51.007000,4075.057,4074.142,2710,4190
2021-04-06 01:12:51.058000,4074.858,4074.133,2250,2250
2021-04-06 01:12:53.285000,4074.869,4074.433,460,2250
2021-04-06 01:12:53.336000,4075.164,4074.442,2250,2250
2021-04-06 01:12:54.731000,4075.148,4074.354,2710,4190
2021-04-06 01:12:54.781000,4075.049,4074.354,2250,2250
2021-04-06 01:12:55.569000,4075.057,4074.445,460,2250
2021-04-06 01:12:55.619000,4075.146,4074.499,2250,2250
2021-04-06 01:12:58.828000,4075.166,4074.333,2710,4190
2021-04-06 01:12:58.878000,4075.001,4074.351,2250,2250
2021-04-06 01:13:02.042000,4075.158,4074.499,2250,2250
2021-04-06 01:13:08.444000,4075.163,4074.633,460,2250
2021-04-06 01:13:08.494000,4075.358,4074.648,2250,2250
2021-04-06 01:13:42.034000,4075.36,4074.433,2710,4190
2021-04-06 01:13:42.084000,4075.158,4074.436,2250,2250
2021-04-06 01:13:43.754000,4075.151,4074.645,460,2250
2021-04-06 01:13:43.804000,4075.355,4074.639,2250,2250
2021-04-06 01:13:48.145000,4075.354,4074.548,2710,4190
2021-04-06 01:13:48.196000,4075.264,4074.599,2250,2250
2021-04-06 01:13:48.328000,4075.263,4074.499,2710,4190
2021-04-06 01:13:48.378000,4075.167,4074.451,2250,2250
2021-04-06 01:14:24.851000,4075.157,4074.345,2710,4190
2021-04-06 01:14:24.902000,4075.055,4074.339,2250,2250
2021-04-06 01:14:25.842000,4075.066,4074.433,460,2250
2021-04-06 01:14:25.892000,4075.164,4074.499,2250,2250
2021-04-06 01:14:26.566000,4075.058,4074.354,2250,2250
2021-04-06 01:14:26.781000,4075.054,4074.442,460,2250
2021-04-06 01:14:26.832000,4075.146,4074.436,2250,2250
2021-04-06 01:14:28.315000,4075.157,4074.199,2710,4190
2021-04-06 01:14:28.365000,4074.867,4074.148,2250,2250
2021-04-06 01:14:28.474000,4074.857,4074.451,460,2250
2021-04-06 01:14:28.524000,4075.164,4074.442,2250,2250
2021-04-06 01:14:28.898000,4075.103,4074.345,2710,4190
2021-04-06 01:14:28.948000,4075.058,4074.354,2250,2250
2021-04-06 01:14:29.217000,4075.069,4074.436,460,2250
2021-04-06 01:14:29.267000,4075.158,4074.436,2250,2250
2021-04-06 01:14:30.465000,4075.169,4074.336,2710,4190
2021-04-06 01:14:30.516000,4075.064,4074.339,2250,2250
2021-04-06 01:14:32.221000,4075.051,4074.442,460,2250
2021-04-06 01:14:32.272000,4075.101,4074.439,2250,2250
2021-04-06 01:14:33.247000,4075.148,4074.151,2710,4190
2021-04-06 01:14:33.298000,4074.861,4074.142,2250,2250
2021-04-06 01:14:53.583000,4074.86,4074.439,460,2250
2021-04-06 01:14:53.633000,4075.149,4074.445,2250,2250
2021-04-06 01:15:01.184000,4075.169,4074.348,2710,4190
2021-04-06 01:15:01.235000,4075.001,4074.336,2250,2250
2021-04-06 01:15:01.348000,4075.051,4074.154,2710,4190
2021-04-06 01:15:01.398000,4074.801,4074.154,2250,2250
2021-04-06 01:15:02.312000,4074.851,4074.348,460,2250
2021-04-06 01:15:02.362000,4075.061,4074.333,2250,2250
2021-04-06 01:15:02.665000,4075.069,4074.439,460,2250
2021-04-06 01:15:02.715000,4075.155,4074.433,2250,2250
2021-04-06 01:15:03.277000,4075.151,4074.142,2710,4190
2021-04-06 01:15:03.328000,4074.855,4074.145,2250,2250
2021-04-06 01:15:03.438000,4074.851,4074.445,460,2250
2021-04-06 01:15:03.488000,4075.152,4074.439,2250,2250
2021-04-06 01:15:05.426000,4075.166,4074.354,2710,4190
2021-04-06 01:15:05.477000,4075.058,4074.339,2250,2250
2021-04-06 01:15:05.788000,4075.057,4074.436,460,2250
2021-04-06 01:15:05.839000,4075.149,4074.439,2250,2250
2021-04-06 01:15:07.671000,4075.157,4074.154,2710,4190
2021-04-06 01:15:07.722000,4074.855,4074.154,2250,2250
2021-04-06 01:15:08.106000,4074.866,4074.451,460,2250
2021-04-06 01:15:08.157000,4075.167,4074.433,2250,2250
2021-04-06 01:15:08.267000,4075.103,4074.336,2710,4190
2021-04-06 01:15:08.317000,4075.055,4074.339,2250,2250
2021-04-06 01:15:08.428000,4075.158,4074.454,2250,2250
2021-04-06 01:15:15.762000,4075.252,4074.536,2250,2250
2021-04-06 01:15:15.991000,4075.263,4074.454,2710,4190
2021-04-06 01:15:16.042000,4075.161,4074.448,2250,2250
2021-04-06 01:15:16.153000,4075.154,4074.548,460,2250
2021-04-06 01:15:16.203000,4075.246,4074.599,2250,2250
2021-04-06 01:15:16.316000,4075.167,4074.436,2250,2250
2021-04-06 01:15:17.412000,4075.267,4074.554,2250,2250
2021-04-06 01:15:17.544000,4075.254,4074.636,460,2250
2021-04-06 01:15:17.594000,4075.355,4074.645,2250,2250
2021-04-06 01:15:22.279000,4075.357,4074.599,2710,4190
2021-04-06 01:15:22.329000,4075.255,4074.551,2250,2250
2021-04-06 01:15:22.599000,4075.257,4074.448,2710,4190
2021-04-06 01:15:22.650000,4075.149,4074.448,2250,2250
2021-04-06 01:15:28.308000,4075.352,4074.639,2250,2250
2021-04-06 01:15:57.359000,4075.558,4074.899,2250,2250
2021-04-06 01:15:58.296000,4075.503,4074.648,2710,4190
2021-04-06 01:15:58.347000,4075.364,4074.639,2250,2250
2021-04-06 01:16:17.588000,4075.36,4074.433,2710,4190
2021-04-06 01:16:17.639000,4075.155,4074.499,2250,2250
2021-04-06 01:16:23.371000,4075.16,4074.548,460,2250
2021-04-06 01:16:23.421000,4075.258,4074.551,2250,2250
2021-04-06 01:16:23.773000,4075.361,4074.699,2250,2250
2021-04-06 01:16:40.345000,4075.348,4074.999,460,2250
2021-04-06 01:16:40.395000,4075.661,4074.951,2250,2250
2021-04-06 01:16:43.950000,4075.669,4074.633,2710,4190
2021-04-06 01:16:44.000000,4075.367,4074.648,2250,2250
2021-04-06 01:16:44.790000,4075.348,4074.842,460,2250
2021-04-06 01:16:44.841000,4075.501,4074.836,2250,2250
2021-04-06 01:16:49.643000,4075.554,4074.633,2710,4190
2021-04-06 01:16:49.693000,4075.367,4074.639,2250,2250
2021-04-06 01:17:04.929000,4075.351,4074.539,2710,4190
2021-04-06 01:17:04.979000,4075.261,4074.551,2250,2250
2021-04-06 01:17:05.090000,4075.254,4074.639,460,2250
2021-04-06 01:17:05.140000,4075.364,4074.645,2250,2250
2021-04-06 01:17:41.744000,4075.354,4074.436,2710,4190
2021-04-06 01:17:41.794000,4075.149,4074.442,2250,2250
2021-04-06 01:17:43.322000,4075.061,4074.336,2250,2250
2021-04-06 01:17:44.192000,4075.054,4074.442,460,2250
2021-04-06 01:17:44.242000,4075.146,4074.448,2250,2250
2021-04-06 01:17:44.511000,4075.151,4074.145,2710,4190
2021-04-06 01:17:44.562000,4074.858,4074.151,2250,2250
2021-04-06 01:17:56.764000,4074.86,4073.999,2710,4190
2021-04-06 01:17:56.814000,4074.655,4073.999,2250,2250
2021-04-06 01:17:58.212000,4074.657,4074.142,460,2250
2021-04-06 01:17:58.262000,4074.801,4074.154,2250,2250
