2021-04-23 00:00:09.779000,4138.06,4137.542,460,2250
2021-04-23 00:00:09.830000,4138.267,4137.536,2250,2250
2021-04-23 00:00:11.221000,4138.257,4137.836,460,2250
2021-04-23 00:00:11.272000,4138.501,4137.842,2250,2250
2021-04-23 00:00:11.748000,4138.264,4137.545,2250,2250
2021-04-23 00:00:12.184000,4138.269,4137.842,460,2250
2021-04-23 00:00:12.234000,4138.552,4137.899,2250,2250
2021-04-23 00:00:40.113000,4138.267,4137.599,2250,4190
2021-04-23 00:00:40.163000,4138.258,4137.599,2250,2250
2021-04-23 00:00:46.676000,4138.052,4137.333,2250,4190
2021-04-23 00:00:46.727000,4138.061,4137.348,2250,2250
2021-04-23 00:00:48.625000,4138.057,4137.533,460,2250
2021-04-23 00:00:48.676000,4138.258,4137.539,2250,2250
2021-04-23 00:00:58.009000,4138.067,4137.342,2250,4190
2021-04-23 00:00:58.059000,4138.055,4137.342,2250,2250
2021-04-23 00:00:59.617000,4138.066,4137.533,460,2250
2021-04-23 00:00:59.667000,4138.249,4137.548,2250,2250
2021-04-23 00:01:00.644000,4138.061,4137.345,2250,4190
2021-04-23 00:01:00.695000,4138.061,4137.399,2250,2250
2021-04-23 00:01:01.621000,4137.767,4137.042,2250,4190
2021-04-23 00:01:01.671000,4137.749,4137.099,2250,2250
2021-04-23 00:01:01.956000,4137.769,4137.333,460,2250
2021-04-23 00:01:02.007000,4138.058,4137.348,2250,2250
2021-04-23 00:01:02.126000,4137.767,4137.099,2250,2250
2021-04-23 00:01:06.921000,4137.501,4136.833,2250,4190
2021-04-23 00:01:06.971000,4137.561,4136.845,2250,2250
2021-04-23 00:01:07.603000,4137.252,4136.599,2250,4190
2021-04-23 00:01:07.654000,4137.258,4136.542,2250,2250
2021-04-23 00:01:09.844000,4137.203,4136.848,460,2250
2021-04-23 00:01:09.894000,4137.555,4136.848,2250,2250
2021-04-23 00:01:12.490000,4137.249,4136.554,2250,4190
2021-04-23 00:01:12.540000,4137.267,4136.548,2250,2250
2021-04-23 00:01:13.266000,4137.266,4136.845,460,2250
2021-04-23 00:01:13.317000,4137.564,4136.842,2250,2250
2021-04-23 00:01:13.427000,4137.252,4136.551,2250,4190
2021-04-23 00:01:13.478000,4137.267,4136.542,2250,2250
2021-04-23 00:01:13.587000,4137.254,4136.845,460,2250
2021-04-23 00:01:13.638000,4137.567,4136.842,2250,2250
2021-04-23 00:01:14.341000,4137.452,4136.748,2250,2250
2021-04-23 00:01:14.671000,4137.258,4136.533,2250,2250
2021-04-23 00:01:20.978000,4137.049,4136.345,2250,2250
2021-04-23 00:01:22.331000,4136.755,4136.042,2250,4190
2021-04-23 00:01:22.382000,4136.701,4136.039,2250,2250
2021-04-23 00:01:23.370000,4136.703,4136.339,460,2250
2021-04-23 00:01:23.420000,4137.058,4136.342,2250,2250
2021-04-23 00:01:24.014000,4136.964,4136.254,2250,4190
2021-04-23 00:01:24.064000,4136.961,4136.242,2250,2250
2021-04-23 00:01:24.172000,4136.746,4136.033,2250,4190
2021-04-23 00:01:24.222000,4136.701,4136.036,2250,2250
2021-04-23 00:01:25.136000,4136.501,4135.833,2250,4190
2021-04-23 00:01:25.187000,4136.555,4135.845,2250,2250
2021-04-23 00:01:26.411000,4136.563,4135.936,460,2250
2021-04-23 00:01:26.461000,4136.646,4135.999,2250,2250
2021-04-23 00:01:26.906000,4136.749,4136.048,2250,2250
2021-04-23 00:01:27.016000,4136.501,4135.851,2250,4190
2021-04-23 00:01:27.066000,4136.561,4135.845,2250,2250
2021-04-23 00:01:29.658000,4136.56,4136.033,460,2250
2021-04-23 00:01:29.708000,4136.767,4136.048,2250,2250
2021-04-23 00:01:30.990000,4136.567,4135.836,2250,4190
2021-04-23 00:01:31.040000,4136.546,4135.899,2250,2250
2021-04-23 00:01:32.650000,4136.263,4135.851,460,2250
2021-04-23 00:01:32.700000,4136.261,4135.548,2250,2250
2021-04-23 00:01:33.311000,4136.251,4135.842,460,2250
2021-04-23 00:01:33.362000,4136.564,4135.842,2250,2250
2021-04-23 00:01:34.600000,4136.261,4135.554,2250,4190
2021-04-23 00:01:34.651000,4136.255,4135.548,2250,2250
2021-04-23 00:01:35.923000,4136.203,4135.833,460,2250
2021-04-23 00:01:35.974000,4136.561,4135.845,2250,2250
2021-04-23 00:01:36.722000,4136.464,4135.748,2250,4190
2021-04-23 00:01:36.773000,4136.467,4135.748,2250,2250
2021-04-23 00:01:36.882000,4136.264,4135.548,2250,4190
2021-04-23 00:01:36.933000,4136.249,4135.599,2250,2250
2021-04-23 00:01:37.366000,4136.248,4135.736,460,2250
2021-04-23 00:01:37.416000,4136.452,4135.754,2250,2250
2021-04-23 00:01:37.531000,4136.451,4135.854,460,2250
2021-04-23 00:01:37.581000,4136.564,4135.851,2250,2250
2021-04-23 00:01:40.359000,4136.548,4136.036,460,2250
2021-04-23 00:01:40.409000,4136.758,4136.039,2250,2250
2021-04-23 00:01:42.246000,4136.552,4135.848,2250,4190
2021-04-23 00:01:42.296000,4136.567,4135.836,2250,2250
2021-04-23 00:01:42.754000,4136.755,4136.051,2250,2250
2021-04-23 00:01:43.085000,4136.601,4135.999,2250,2250
2021-04-23 00:01:43.226000,4136.564,4135.851,2250,4190
2021-04-23 00:01:43.277000,4136.561,4135.842,2250,2250
2021-04-23 00:01:43.745000,4136.255,4135.554,2250,2250
2021-04-23 00:01:47.375000,4136.546,4135.854,2250,2250
2021-04-23 00:01:48.190000,4136.267,4135.539,2250,4190
2021-04-23 00:01:48.240000,4136.264,4135.551,2250,2250
2021-04-23 00:01:48.790000,4136.263,4135.851,460,2250
2021-04-23 00:01:48.841000,4136.552,4135.833,2250,2250
2021-04-23 00:01:52.576000,4136.548,4136.051,460,2250
2021-04-23 00:01:52.626000,4136.758,4136.036,2250,2250
2021-04-23 00:01:52.920000,4136.567,4135.839,2250,2250
2021-04-23 00:01:53.849000,4136.563,4136.036,460,2250
2021-04-23 00:01:53.900000,4136.746,4136.051,2250,2250
2021-04-23 00:01:56.621000,4136.546,4135.848,2250,2250
2021-04-23 00:01:58.524000,4136.252,4135.539,2250,4190
2021-04-23 00:01:58.574000,4136.201,4135.554,2250,2250
2021-04-23 00:02:01.700000,4136.055,4135.342,2250,4190
2021-04-23 00:02:01.751000,4136.052,4135.342,2250,2250
2021-04-23 00:02:03.222000,4136.155,4135.445,2250,2250
2021-04-23 00:02:03.373000,4136.064,4135.399,2250,4190
2021-04-23 00:02:03.424000,4136.049,4135.342,2250,2250
2021-04-23 00:02:04.219000,4136.054,4135.542,460,2250
2021-04-23 00:02:04.269000,4136.267,4135.551,2250,2250
2021-04-23 00:02:08.210000,4136.248,4135.851,460,2250
2021-04-23 00:02:08.260000,4136.552,4135.851,2250,2250
2021-04-23 00:02:09.362000,4136.264,4135.548,2250,4190
2021-04-23 00:02:09.412000,4136.252,4135.551,2250,2250
2021-04-23 00:02:11.291000,4136.263,4135.845,460,2250
2021-04-23 00:02:11.342000,4136.561,4135.899,2250,2250
2021-04-23 00:02:15.698000,4136.554,4136.048,460,2250
2021-04-23 00:02:15.748000,4136.761,4136.051,2250,2250
2021-04-23 00:02:24.675000,4136.546,4135.845,2250,2250
2021-04-23 00:02:25.665000,4136.764,4136.051,2250,2250
2021-04-23 00:02:30.383000,4136.567,4135.836,2250,4190
2021-04-23 00:02:30.434000,4136.555,4135.851,2250,2250
2021-04-23 00:02:33.454000,4136.548,4136.045,460,2250
2021-04-23 00:02:33.505000,4136.755,4136.051,2250,2250
2021-04-23 00:02:33.614000,4136.564,4135.854,2250,4190
2021-04-23 00:02:33.664000,4136.555,4135.851,2250,2250
2021-04-23 00:02:34.093000,4136.569,4136.048,460,2250
2021-04-23 00:02:34.143000,4136.746,4136.036,2250,2250
2021-04-23 00:02:35.959000,4136.555,4135.842,2250,4190
2021-04-23 00:02:36.010000,4136.561,4135.854,2250,2250
2021-04-23 00:02:36.391000,4136.503,4136.042,460,2250
2021-04-23 00:02:36.442000,4136.701,4136.099,2250,2250
2021-04-23 00:02:36.582000,4136.658,4135.951,2250,2250
2021-04-23 00:02:36.712000,4136.663,4136.036,460,2250
2021-04-23 00:02:36.763000,4136.764,4136.048,2250,2250
2021-04-23 00:02:38.108000,4136.751,4136.336,460,2250
2021-04-23 00:02:38.158000,4137.052,4136.351,2250,2250
2021-04-23 00:02:43.315000,4137.048,4136.548,460,2250
2021-04-23 00:02:43.366000,4137.255,4136.554,2250,2250
2021-04-23 00:02:43.846000,4137.552,4136.845,2250,2250
2021-04-23 00:02:54.913000,4137.255,4136.551,2250,4190
2021-04-23 00:02:54.963000,4137.249,4136.545,2250,2250
2021-04-23 00:02:55.073000,4137.266,4136.839,460,2250
2021-04-23 00:02:55.124000,4137.501,4136.842,2250,2250
2021-04-23 00:02:56.248000,4137.267,4136.545,2250,4190
2021-04-23 00:02:56.298000,4137.246,4136.536,2250,2250
2021-04-23 00:02:57.754000,4137.001,4136.348,2250,4190
2021-04-23 00:02:57.804000,4137.052,4136.354,2250,2250
2021-04-23 00:03:02.001000,4136.755,4136.033,2250,2250
2021-04-23 00:03:02.773000,4136.549,4135.899,2250,4190
2021-04-23 00:03:02.823000,4136.546,4135.848,2250,2250
2021-04-23 00:03:08.618000,4136.566,4136.036,460,2250
2021-04-23 00:03:08.668000,4136.701,4136.042,2250,2250
2021-04-23 00:03:08.939000,4136.564,4135.842,2250,4190
2021-04-23 00:03:08.989000,4136.552,4135.842,2250,2250
2021-04-23 00:03:09.100000,4136.566,4136.051,460,2250
2021-04-23 00:03:09.151000,4136.767,4136.036,2250,2250
2021-04-23 00:03:09.263000,4136.564,4135.839,2250,2250
2021-04-23 00:03:12.172000,4136.503,4136.099,460,2250
2021-04-23 00:03:12.223000,4136.749,4136.048,2250,2250
2021-04-23 00:03:12.768000,4136.552,4135.851,2250,4190
2021-04-23 00:03:12.818000,4136.564,4135.854,2250,2250
2021-04-23 00:03:13.246000,4136.503,4135.942,460,2250
2021-04-23 00:03:13.296000,4136.601,4135.939,2250,2250
2021-04-23 00:03:13.598000,4136.657,4136.036,460,2250
2021-04-23 00:03:13.648000,4136.755,4136.033,2250,2250
2021-04-23 00:03:14.059000,4136.564,4135.851,2250,4190
2021-04-23 00:03:14.110000,4136.549,4135.836,2250,2250
2021-04-23 00:03:14.545000,4136.767,4136.045,2250,2250
2021-04-23 00:03:14.694000,4136.561,4135.854,2250,4190
2021-04-23 00:03:14.744000,4136.552,4135.833,2250,2250
2021-04-23 00:03:16.408000,4136.557,4135.933,460,2250
2021-04-23 00:03:16.458000,4136.661,4135.939,2250,2250
2021-04-23 00:03:16.572000,4136.558,4135.848,2250,4190
2021-04-23 00:03:16.622000,4136.555,4135.899,2250,2250
2021-04-23 00:03:17.049000,4136.56,4136.099,460,2250
2021-04-23 00:03:17.100000,4136.764,4136.051,2250,2250
2021-04-23 00:03:22.388000,4136.555,4135.839,2250,4190
2021-04-23 00:03:22.439000,4136.564,4135.899,2250,2250
2021-04-23 00:03:22.997000,4136.548,4136.039,460,2250
2021-04-23 00:03:23.048000,4136.746,4136.039,2250,2250
2021-04-23 00:03:29.298000,4136.558,4135.848,2250,2250
2021-04-23 00:03:29.461000,4136.552,4135.839,2250,4190
2021-04-23 00:03:29.511000,4136.761,4136.045,2250,2250
2021-04-23 00:03:34.615000,4136.552,4135.836,2250,4190
2021-04-23 00:03:34.666000,4136.546,4135.848,2250,2250
2021-04-23 00:03:35.345000,4136.746,4136.048,2250,2250
2021-04-23 00:03:35.676000,4136.649,4135.951,2250,2250
2021-04-23 00:03:36.006000,4136.546,4135.851,2250,2250
2021-04-23 00:03:37.745000,4136.563,4136.033,460,2250
2021-04-23 00:03:37.796000,4136.764,4136.048,2250,2250
2021-04-23 00:03:46.697000,4136.561,4135.899,2250,4190
2021-04-23 00:03:46.747000,4136.567,4135.848,2250,2250
2021-04-23 00:03:46.897000,4136.761,4136.042,2250,2250
2021-04-23 00:03:49.400000,4136.501,4135.854,2250,4190
2021-04-23 00:03:49.450000,4136.561,4135.848,2250,2250
2021-04-23 00:03:49.876000,4136.566,4136.039,460,2250
2021-04-23 00:03:49.926000,4136.767,4136.051,2250,2250
2021-04-23 00:03:52.103000,4136.561,4135.899,2250,4190
2021-04-23 00:03:52.154000,4136.564,4135.836,2250,2250
2021-04-23 00:03:53.725000,4136.557,4136.099,460,2250
2021-04-23 00:03:53.776000,4136.701,4136.033,2250,2250
2021-04-23 00:03:55.518000,4136.601,4135.933,2250,4190
2021-04-23 00:03:55.568000,4136.664,4135.933,2250,2250
2021-04-23 00:03:55.968000,4136.666,4136.048,460,2250
2021-04-23 00:03:56.018000,4136.764,4136.048,2250,2250
2021-04-23 00:03:57.503000,4136.564,4135.848,2250,4190
2021-04-23 00:03:57.554000,4136.549,4135.836,2250,2250
2021-04-23 00:03:58.530000,4136.557,4136.051,460,2250
2021-04-23 00:03:58.580000,4136.758,4136.036,2250,2250
2021-04-23 00:04:13.968000,4136.501,4135.851,2250,2250
2021-04-23 00:04:25.752000,4136.569,4136.054,460,2250
2021-04-23 00:04:25.803000,4136.752,4136.051,2250,2250
2021-04-23 00:04:29.167000,4136.76,4136.345,460,2250
2021-04-23 00:04:29.217000,4137.061,4136.348,2250,2250
2021-04-23 00:04:29.751000,4136.958,4136.251,2250,4190
2021-04-23 00:04:29.801000,4136.946,4136.245,2250,2250
2021-04-23 00:04:29.920000,4136.752,4136.045,2250,4190
2021-04-23 00:04:29.970000,4136.767,4136.042,2250,2250
2021-04-23 00:04:34.701000,4136.766,4136.333,460,2250
2021-04-23 00:04:34.751000,4137.052,4136.345,2250,2250
2021-04-23 00:04:34.859000,4136.749,4136.036,2250,4190
2021-04-23 00:04:34.910000,4136.767,4136.045,2250,2250
2021-04-23 00:04:35.180000,4136.76,4136.336,460,2250
2021-04-23 00:04:35.230000,4137.046,4136.399,2250,2250
2021-04-23 00:04:37.141000,4137.069,4136.539,460,2250
2021-04-23 00:04:37.192000,4137.267,4136.545,2250,2250
2021-04-23 00:04:37.308000,4137.067,4136.342,2250,4190
2021-04-23 00:04:37.358000,4137.058,4136.345,2250,2250
2021-04-23 00:04:37.462000,4137.003,4136.548,460,2250
2021-04-23 00:04:37.512000,4137.264,4136.551,2250,2250
2021-04-23 00:04:48.795000,4137.257,4136.745,460,2250
2021-04-23 00:04:48.846000,4137.449,4136.799,2250,2250
2021-04-23 00:04:49.147000,4137.403,4136.839,460,2250
2021-04-23 00:04:49.198000,4137.552,4136.899,2250,2250
2021-04-23 00:04:53.171000,4137.049,4136.351,2250,4190
2021-04-23 00:04:53.221000,4137.058,4136.333,2250,2250
2021-04-23 00:04:53.331000,4136.767,4136.036,2250,4190
2021-04-23 00:04:53.382000,4136.767,4136.099,2250,2250
2021-04-23 00:04:53.812000,4136.766,4136.339,460,2250
2021-04-23 00:04:53.862000,4137.049,4136.342,2250,2250
2021-04-23 00:04:57.956000,4136.967,4136.299,2250,4190
2021-04-23 00:04:58.006000,4136.958,4136.239,2250,2250
2021-04-23 00:04:58.294000,4136.969,4136.354,460,2250
2021-04-23 00:04:58.344000,4137.064,4136.348,2250,2250
2021-04-23 00:05:02.051000,4136.746,4136.051,2250,4190
2021-04-23 00:05:02.102000,4136.752,4136.099,2250,2250
2021-04-23 00:05:03.012000,4136.546,4135.845,2250,4190
2021-04-23 00:05:03.062000,4136.549,4135.839,2250,2250
2021-04-23 00:05:03.691000,4136.566,4136.033,460,2250
2021-04-23 00:05:03.742000,4136.746,4136.036,2250,2250
2021-04-23 00:05:03.852000,4136.552,4135.854,2250,4190
2021-04-23 00:05:03.903000,4136.564,4135.833,2250,2250
2021-04-23 00:05:04.335000,4136.563,4136.048,460,2250
2021-04-23 00:05:04.385000,4136.767,4136.045,2250,2250
2021-04-23 00:05:38.025000,4136.549,4135.839,2250,4190
2021-04-23 00:05:38.075000,4136.546,4135.845,2250,2250
2021-04-23 00:05:52.357000,4136.701,4136.099,2250,2250
2021-04-23 00:05:55.236000,4136.561,4135.833,2250,4190
2021-04-23 00:05:55.286000,4136.552,4135.836,2250,2250
2021-04-23 00:05:56.806000,4136.566,4136.042,460,2250
2021-04-23 00:05:56.856000,4136.701,4136.048,2250,2250
2021-04-23 00:06:01.999000,4136.501,4135.836,2250,4190
2021-04-23 00:06:02.049000,4136.555,4135.851,2250,2250
2021-04-23 00:06:04.900000,4136.767,4136.045,2250,2250
2021-04-23 00:06:11.453000,4136.757,4136.354,460,2250
2021-04-23 00:06:11.504000,4137.061,4136.354,2250,2250
2021-04-23 00:06:22.463000,4137.054,4136.842,460,2250
2021-04-23 00:06:22.513000,4137.555,4136.842,2250,2250
2021-04-23 00:06:22.623000,4137.264,4136.542,2250,4190
2021-04-23 00:06:22.673000,4137.258,4136.551,2250,2250
2021-04-23 00:06:22.782000,4137.263,4136.833,460,2250
2021-04-23 00:06:22.833000,4137.561,4136.848,2250,2250
2021-04-23 00:06:22.943000,4137.557,4137.042,460,2250
2021-04-23 00:06:22.994000,4137.752,4137.042,2250,2250
2021-04-23 00:06:24.112000,4137.567,4136.845,2250,4190
2021-04-23 00:06:24.163000,4137.564,4136.848,2250,2250
2021-04-23 00:06:26.424000,4137.551,4136.945,460,2250
2021-04-23 00:06:26.474000,4137.649,4136.942,2250,2250
2021-04-23 00:06:26.747000,4137.663,4137.099,460,2250
2021-04-23 00:06:26.798000,4137.758,4137.051,2250,2250
2021-04-23 00:06:31.719000,4137.501,4136.848,2250,4190
2021-04-23 00:06:31.770000,4137.558,4136.836,2250,2250
2021-04-23 00:06:32.630000,4137.649,4136.945,2250,2250
2021-04-23 00:06:32.975000,4137.561,4136.845,2250,2250
2021-04-23 00:06:42.445000,4137.255,4136.599,2250,4190
2021-04-23 00:06:42.496000,4137.267,4136.545,2250,2250
2021-04-23 00:06:42.605000,4137.257,4136.733,460,2250
2021-04-23 00:06:42.655000,4137.446,4136.745,2250,2250
2021-04-23 00:06:43.210000,4137.201,4136.545,2250,2250
2021-04-23 00:06:56.414000,4137.546,4136.854,2250,2250
2021-04-23 00:06:59.386000,4137.767,4137.042,2250,2250
2021-04-23 00:06:59.507000,4137.546,4136.899,2250,4190
2021-04-23 00:06:59.558000,4137.567,4136.836,2250,2250
2021-04-23 00:07:11.505000,4137.267,4136.539,2250,4190
2021-04-23 00:07:11.555000,4137.267,4136.554,2250,2250
2021-04-23 00:07:11.829000,4137.561,4136.899,2250,2250
2021-04-23 00:07:23.905000,4137.563,4136.939,460,2250
2021-04-23 00:07:23.955000,4137.601,4136.945,2250,2250
2021-04-23 00:07:24.064000,4137.669,4137.036,460,2250
2021-04-23 00:07:24.114000,4137.764,4137.042,2250,2250
2021-04-23 00:07:24.226000,4137.558,4136.845,2250,4190
2021-04-23 00:07:24.276000,4137.552,4136.842,2250,2250
2021-04-23 00:07:26.583000,4137.557,4137.033,460,2250
2021-04-23 00:07:26.634000,4137.761,4137.042,2250,2250
2021-04-23 00:07:31.112000,4137.564,4136.854,2250,4190
2021-04-23 00:07:31.162000,4137.558,4136.845,2250,2250
2021-04-23 00:07:32.415000,4137.551,4137.048,460,2250
2021-04-23 00:07:32.465000,4137.761,4137.054,2250,2250
2021-04-23 00:07:33.932000,4137.661,4136.939,2250,4190
2021-04-23 00:07:33.983000,4137.667,4136.939,2250,2250
2021-04-23 00:07:34.648000,4137.558,4136.899,2250,4190
2021-04-23 00:07:34.698000,4137.546,4136.842,2250,2250
2021-04-23 00:07:34.987000,4137.56,4136.999,460,2250
2021-04-23 00:07:35.038000,4137.658,4136.945,2250,2250
2021-04-23 00:07:35.147000,4137.648,4137.036,460,2250
2021-04-23 00:07:35.197000,4137.764,4137.099,2250,2250
2021-04-23 00:07:43.840000,4137.754,4137.351,460,2250
2021-04-23 00:07:43.890000,4138.061,4137.345,2250,2250
2021-04-23 00:07:48.799000,4138.063,4137.536,460,2250
2021-04-23 00:07:48.849000,4138.246,4137.554,2250,2250
2021-04-23 00:07:57.604000,4138.064,4137.342,2250,4190
2021-04-23 00:07:57.654000,4138.001,4137.348,2250,2250
2021-04-23 00:07:58.460000,4138.06,4137.533,460,2250
2021-04-23 00:07:58.511000,4138.255,4137.551,2250,2250
2021-04-23 00:08:02.205000,4138.501,4137.848,2250,2250
2021-04-23 00:08:10.731000,4138.052,4137.345,2250,4190
2021-04-23 00:08:10.781000,4138.001,4137.351,2250,2250
2021-04-23 00:08:10.889000,4138.06,4137.548,460,2250
2021-04-23 00:08:10.940000,4138.249,4137.533,2250,2250
2021-04-23 00:08:11.369000,4138.254,4137.836,460,2250
2021-04-23 00:08:11.419000,4138.549,4137.899,2250,2250
2021-04-23 00:08:14.465000,4138.569,4138.033,460,2250
2021-04-23 00:08:14.516000,4138.758,4138.048,2250,2250
2021-04-23 00:08:18.623000,4138.751,4138.248,460,2250
2021-04-23 00:08:18.673000,4138.901,4138.239,2250,2250
2021-04-23 00:08:18.825000,4138.948,4138.354,460,2250
2021-04-23 00:08:18.875000,4139.055,4138.336,2250,2250
2021-04-23 00:08:35.280000,4138.766,4138.345,460,2250
2021-04-23 00:08:35.331000,4138.752,4138.045,2250,2250
2021-04-23 00:08:37.856000,4138.567,4137.845,2250,2250
2021-04-23 00:08:39.027000,4138.548,4138.048,460,2250
2021-04-23 00:08:39.077000,4138.761,4138.033,2250,2250
2021-04-23 00:08:39.844000,4138.549,4137.839,2250,4190
2021-04-23 00:08:39.894000,4138.549,4137.839,2250,2250
2021-04-23 00:08:40.005000,4138.551,4138.045,460,2250
2021-04-23 00:08:40.056000,4138.752,4138.048,2250,2250
2021-04-23 00:08:40.166000,4138.555,4137.842,2250,4190
2021-04-23 00:08:40.216000,4138.558,4137.845,2250,2250
2021-04-23 00:08:51.494000,4138.255,4137.554,2250,4190
2021-04-23 00:08:51.545000,4138.252,4137.539,2250,2250
2021-04-23 00:08:52.051000,4138.552,4137.839,2250,2250
2021-04-23 00:08:53.041000,4138.267,4137.551,2250,2250
2021-04-23 00:08:53.747000,4138.248,4137.745,460,2250
2021-04-23 00:08:53.798000,4138.458,4137.799,2250,2250
2021-04-23 00:08:54.424000,4138.261,4137.539,2250,4190
2021-04-23 00:08:54.593000,4138.267,4137.539,2250,2250
2021-04-23 00:09:05.523000,4138.269,4137.851,460,2250
2021-04-23 00:09:05.574000,4138.549,4137.833,2250,2250
2021-04-23 00:09:11.262000,4138.401,4137.751,2250,4190
2021-04-23 00:09:11.312000,4138.461,4137.748,2250,2250
2021-04-23 00:09:12.072000,4138.258,4137.533,2250,4190
2021-04-23 00:09:12.123000,4138.255,4137.536,2250,2250
2021-04-23 00:09:19.065000,4138.254,4137.748,460,2250
2021-04-23 00:09:19.116000,4138.452,4137.754,2250,2250
2021-04-23 00:09:20.582000,4138.258,4137.542,2250,4190
2021-04-23 00:09:20.633000,4138.246,4137.536,2250,2250
2021-04-23 00:09:23.338000,4138.269,4137.754,460,2250
2021-04-23 00:09:23.388000,4138.461,4137.733,2250,2250
2021-04-23 00:09:23.528000,4138.549,4137.845,2250,2250
2021-04-23 00:09:28.320000,4138.551,4138.039,460,2250
2021-04-23 00:09:28.371000,4138.755,4138.042,2250,2250
2021-04-23 00:09:32.103000,4138.752,4138.036,2250,4190
2021-04-23 00:09:32.153000,4138.901,4138.242,2250,2250
2021-04-23 00:09:32.309000,4138.966,4138.399,460,2250
2021-04-23 00:09:32.360000,4139.064,4138.336,2250,2250
2021-04-23 00:09:34.794000,4138.967,4138.299,2250,2250
2021-04-23 00:09:35.711000,4138.954,4138.399,460,2250
2021-04-23 00:09:35.762000,4139.067,4138.351,2250,2250
2021-04-23 00:09:37.765000,4138.746,4138.036,2250,2250
2021-04-23 00:09:44.522000,4138.76,4138.339,460,2250
2021-04-23 00:09:44.572000,4139.052,4138.345,2250,2250
2021-04-23 00:09:45.073000,4139.057,4137.551,460,4190
2021-04-23 00:09:45.124000,4138.255,4137.539,2250,2250
2021-04-23 00:09:53.506000,4138.052,4137.345,2250,4190
2021-04-23 00:09:53.556000,4138.046,4137.336,2250,2250
2021-04-23 00:09:55.486000,4138.063,4137.545,460,2250
2021-04-23 00:09:55.537000,4138.252,4137.599,2250,2250
2021-04-23 00:10:06.887000,4138.061,4137.342,2250,4190
2021-04-23 00:10:06.937000,4138.055,4137.399,2250,2250
2021-04-23 00:10:13.150000,4137.752,4137.033,2250,4190
2021-04-23 00:10:13.200000,4137.761,4137.042,2250,2250
2021-04-23 00:10:26.465000,4137.766,4137.354,460,2250
2021-04-23 00:10:26.515000,4138.064,4137.333,2250,2250
2021-04-23 00:10:49.260000,4138.048,4137.536,460,2250
2021-04-23 00:10:49.311000,4138.264,4137.539,2250,2250
2021-04-23 00:10:56.347000,4138.064,4137.342,2250,2250
2021-04-23 00:10:59.579000,4138.063,4137.551,460,2250
2021-04-23 00:10:59.630000,4138.258,4137.545,2250,2250
2021-04-23 00:11:00.659000,4138.155,4137.448,2250,4190
2021-04-23 00:11:00.710000,4138.158,4137.439,2250,2250
2021-04-23 00:11:01.316000,4138.046,4137.348,2250,2250
2021-04-23 00:11:02.637000,4138.255,4137.536,2250,2250
2021-04-23 00:11:21.825000,4138.26,4138.036,460,2250
2021-04-23 00:11:21.875000,4138.752,4138.033,2250,2250
2021-04-23 00:11:22.304000,4138.757,4138.399,460,2250
2021-04-23 00:11:22.354000,4139.061,4138.351,2250,2250
2021-04-23 00:11:33.499000,4138.964,4138.245,2250,4190
2021-04-23 00:11:33.550000,4138.949,4138.254,2250,2250
2021-04-23 00:11:33.669000,4138.746,4138.036,2250,2250
2021-04-23 00:11:34.370000,4138.757,4138.348,460,2250
2021-04-23 00:11:34.421000,4139.061,4138.351,2250,2250
2021-04-23 00:11:37.663000,4138.746,4138.054,2250,4190
2021-04-23 00:11:37.713000,4138.764,4138.051,2250,2250
2021-04-23 00:11:39.610000,4139.055,4138.354,2250,2250
2021-04-23 00:11:45.550000,4138.749,4138.033,2250,2250
2021-04-23 00:11:46.297000,4138.748,4138.342,460,2250
2021-04-23 00:11:46.347000,4139.049,4138.351,2250,2250
2021-04-23 00:11:48.682000,4138.755,4138.042,2250,4190
2021-04-23 00:11:48.733000,4138.701,4138.099,2250,2250
2021-04-23 00:11:54.360000,4138.651,4138.054,460,2250
2021-04-23 00:11:54.410000,4138.652,4137.948,2250,2250
2021-04-23 00:11:54.545000,4138.549,4137.845,2250,2250
2021-04-23 00:11:57.022000,4138.503,4138.045,460,2250
2021-04-23 00:11:57.073000,4138.761,4138.099,2250,2250
2021-04-23 00:11:58.934000,4138.558,4137.836,2250,4190
2021-04-23 00:11:58.984000,4138.546,4137.833,2250,2250
2021-04-23 00:12:00.816000,4138.701,4138.045,2250,2250
2021-04-23 00:12:02.729000,4138.546,4137.836,2250,4190
2021-04-23 00:12:02.780000,4138.555,4137.842,2250,2250
2021-04-23 00:12:05.109000,4138.557,4138.045,460,2250
2021-04-23 00:12:05.159000,4138.752,4138.099,2250,2250
2021-04-23 00:12:14.292000,4138.76,4138.399,460,2250
2021-04-23 00:12:14.342000,4139.067,4138.342,2250,2250
2021-04-23 00:12:18.370000,4139.003,4138.542,460,2250
2021-04-23 00:12:18.421000,4139.246,4138.545,2250,2250
2021-04-23 00:12:28.494000,4139.26,4138.739,460,2250
2021-04-23 00:12:28.545000,4139.455,4138.736,2250,2250
2021-04-23 00:12:28.839000,4139.252,4138.551,2250,4190
2021-04-23 00:12:28.890000,4139.267,4138.536,2250,2250
2021-04-23 00:12:29.496000,4139.203,4138.851,460,2250
2021-04-23 00:12:29.547000,4139.558,4138.845,2250,2250
2021-04-23 00:12:31.127000,4139.252,4138.551,2250,4190
2021-04-23 00:12:31.177000,4139.246,4138.548,2250,2250
2021-04-23 00:12:41.237000,4139.203,4138.848,460,2250
2021-04-23 00:12:41.288000,4139.558,4138.839,2250,2250
2021-04-23 00:13:03.645000,4139.252,4138.554,2250,2250
2021-04-23 00:13:04.634000,4139.558,4138.833,2250,2250
2021-04-23 00:13:15.483000,4139.569,4139.045,460,2250
2021-04-23 00:13:15.534000,4139.752,4139.048,2250,2250
2021-04-23 00:13:16.283000,4139.552,4138.845,2250,4190
2021-04-23 00:13:16.333000,4139.567,4138.848,2250,2250
2021-04-23 00:13:21.091000,4139.548,4139.048,460,2250
2021-04-23 00:13:21.142000,4139.755,4139.042,2250,2250
2021-04-23 00:13:23.394000,4139.558,4138.836,2250,4190
2021-04-23 00:13:23.444000,4139.552,4138.833,2250,2250
2021-04-23 00:13:30.403000,4139.261,4138.599,2250,2250
2021-04-23 00:13:30.752000,4139.26,4138.754,460,2250
2021-04-23 00:13:30.802000,4139.449,4138.748,2250,2250
2021-04-23 00:13:30.913000,4139.261,4138.545,2250,4190
2021-04-23 00:13:30.963000,4139.258,4138.533,2250,2250
2021-04-23 00:13:32.425000,4139.257,4138.851,460,2250
2021-04-23 00:13:32.475000,4139.567,4138.833,2250,2250
2021-04-23 00:13:33.193000,4139.267,4138.542,2250,4190
2021-04-23 00:13:33.243000,4139.267,4138.554,2250,2250
2021-04-23 00:13:35.798000,4139.251,4138.839,460,2250
2021-04-23 00:13:35.849000,4139.552,4138.854,2250,2250
2021-04-23 00:13:39.496000,4139.255,4138.542,2250,4190
2021-04-23 00:13:39.547000,4139.267,4138.554,2250,2250
2021-04-23 00:13:40.125000,4139.254,4138.745,460,2250
2021-04-23 00:13:40.175000,4139.452,4138.751,2250,2250
2021-04-23 00:13:40.307000,4139.261,4138.542,2250,2250
2021-04-23 00:13:45.219000,4139.269,4138.833,460,2250
2021-04-23 00:13:45.270000,4139.558,4138.842,2250,2250
2021-04-23 00:13:47.869000,4139.246,4138.599,2250,4190
2021-04-23 00:13:47.919000,4139.246,4138.539,2250,2250
2021-04-23 00:13:52.298000,4139.266,4138.899,460,2250
2021-04-23 00:13:52.349000,4139.546,4138.848,2250,2250
2021-04-23 00:13:54.441000,4139.255,4138.545,2250,4190
2021-04-23 00:13:54.492000,4139.246,4138.536,2250,2250
2021-04-23 00:13:58.880000,4139.254,4138.842,460,2250
2021-04-23 00:13:58.930000,4139.552,4138.848,2250,2250
2021-04-23 00:14:00.227000,4139.201,4138.554,2250,4190
2021-04-23 00:14:00.277000,4139.201,4138.545,2250,2250
2021-04-23 00:14:03.164000,4139.561,4138.839,2250,2250
2021-04-23 00:14:09.543000,4139.758,4139.051,2250,2250
2021-04-23 00:14:09.707000,4139.546,4138.836,2250,4190
2021-04-23 00:14:09.757000,4139.552,4138.854,2250,2250
2021-04-23 00:14:11.416000,4139.755,4139.033,2250,2250
2021-04-23 00:14:15.707000,4139.558,4138.851,2250,2250
2021-04-23 00:14:20.741000,4139.201,4138.548,2250,4190
2021-04-23 00:14:20.791000,4139.264,4138.542,2250,2250
2021-04-23 00:14:21.069000,4139.269,4138.836,460,2250
2021-04-23 00:14:21.120000,4139.564,4138.848,2250,2250
2021-04-23 00:14:21.653000,4139.255,4138.548,2250,4190
2021-04-23 00:14:21.703000,4139.261,4138.536,2250,2250
2021-04-23 00:14:21.821000,4139.266,4138.751,460,2250
2021-04-23 00:14:21.871000,4139.452,4138.799,2250,2250
2021-04-23 00:14:21.980000,4139.567,4138.842,2250,2250
2021-04-23 00:14:32.469000,4139.561,4138.848,2250,4190
2021-04-23 00:14:32.520000,4139.767,4139.033,2250,2250
2021-04-23 00:14:44.895000,4139.751,4139.336,460,2250
2021-04-23 00:14:44.945000,4140.055,4139.339,2250,2250
2021-04-23 00:14:52.344000,4140.246,4139.545,2250,2250
2021-04-23 00:15:02.957000,4140.248,4139.899,460,2250
2021-04-23 00:15:03.007000,4140.567,4139.854,2250,2250
2021-04-23 00:15:03.116000,4140.264,4139.551,2250,4190
2021-04-23 00:15:03.166000,4140.261,4139.548,2250,2250
2021-04-23 00:15:14.964000,4140.254,4139.754,460,2250
2021-04-23 00:15:15.014000,4140.464,4139.742,2250,2250
2021-04-23 00:15:15.123000,4140.258,4139.551,2250,4190
2021-04-23 00:15:15.173000,4140.261,4139.551,2250,2250
2021-04-23 00:15:29.311000,4140.467,4139.745,2250,2250
2021-04-23 00:15:29.428000,4140.252,4139.599,2250,4190
2021-04-23 00:15:29.478000,4140.261,4139.548,2250,2250
2021-04-23 00:15:32.192000,4140.203,4139.733,460,2250
2021-04-23 00:15:32.243000,4140.401,4139.754,2250,2250
2021-04-23 00:15:32.793000,4140.261,4139.545,2250,4190
2021-04-23 00:15:32.843000,4140.267,4139.548,2250,2250
2021-04-23 00:15:37.965000,4140.203,4139.842,460,2250
2021-04-23 00:15:38.015000,4140.558,4139.851,2250,2250
2021-04-23 00:15:52.669000,4140.258,4139.545,2250,4190
2021-04-23 00:15:52.719000,4140.255,4139.554,2250,2250
2021-04-23 00:16:00.381000,4140.248,4139.799,460,2250
2021-04-23 00:16:00.431000,4140.449,4139.799,2250,2250
2021-04-23 00:16:00.541000,4140.46,4139.842,460,2250
2021-04-23 00:16:00.591000,4140.567,4139.839,2250,2250
2021-04-23 00:16:00.700000,4140.261,4139.548,2250,4190
2021-04-23 00:16:00.751000,4140.255,4139.536,2250,2250
2021-04-23 00:16:00.863000,4140.254,4139.854,460,2250
2021-04-23 00:16:00.913000,4140.501,4139.899,2250,2250
2021-04-23 00:16:14.201000,4141.049,4140.339,2250,2250
2021-04-23 00:16:14.336000,4141.054,4140.539,460,2250
2021-04-23 00:16:14.386000,4141.267,4140.551,2250,2250
2021-04-23 00:16:19.756000,4141.049,4140.348,2250,4190
2021-04-23 00:16:19.806000,4141.046,4140.354,2250,2250
2021-04-23 00:16:20.146000,4141.152,4140.433,2250,2250
2021-04-23 00:16:20.275000,4141.166,4140.599,460,2250
2021-04-23 00:16:20.326000,4141.255,4140.551,2250,2250
2021-04-23 00:16:20.595000,4141.049,4140.399,2250,4190
2021-04-23 00:16:20.645000,4141.064,4140.342,2250,2250
2021-04-23 00:16:25.305000,4141.054,4140.599,460,2250
2021-04-23 00:16:25.355000,4141.201,4140.533,2250,2250
2021-04-23 00:16:30.380000,4141.561,4140.899,2250,2250
2021-04-23 00:16:32.424000,4141.548,4141.054,460,2250
2021-04-23 00:16:32.474000,4141.761,4141.051,2250,2250
2021-04-23 00:16:33.379000,4141.558,4140.839,2250,4190
2021-04-23 00:16:33.429000,4141.564,4140.854,2250,2250
2021-04-23 00:16:34.251000,4141.569,4141.054,460,2250
2021-04-23 00:16:34.302000,4141.701,4141.033,2250,2250
2021-04-23 00:16:35.069000,4141.546,4140.899,2250,4190
2021-04-23 00:16:35.119000,4141.549,4140.848,2250,2250
2021-04-23 00:16:39.368000,4141.252,4140.551,2250,4190
2021-04-23 00:16:39.418000,4141.267,4140.533,2250,2250
2021-04-23 00:16:39.529000,4141.06,4140.554,460,2250
2021-04-23 00:16:39.579000,4141.064,4140.342,2250,2250
2021-04-23 00:16:40.180000,4140.749,4140.054,2250,4190
2021-04-23 00:16:40.231000,4140.701,4140.036,2250,2250
2021-04-23 00:16:42.692000,4140.703,4140.342,460,2250
2021-04-23 00:16:42.742000,4141.052,4140.345,2250,2250
2021-04-23 00:16:43.255000,4140.758,4140.099,2250,2250
2021-04-23 00:16:45.315000,4140.703,4140.254,460,2250
2021-04-23 00:16:45.365000,4140.967,4140.242,2250,2250
2021-04-23 00:16:45.776000,4140.752,4140.099,2250,4190
2021-04-23 00:16:45.827000,4140.746,4140.048,2250,2250
2021-04-23 00:16:55.409000,4140.703,4140.336,460,2250
2021-04-23 00:16:55.459000,4141.001,4140.354,2250,2250
2021-04-23 00:16:55.935000,4140.761,4140.036,2250,4190
2021-04-23 00:16:55.985000,4140.749,4140.051,2250,2250
2021-04-23 00:17:01.745000,4140.561,4139.842,2250,2250
2021-04-23 00:17:02.740000,4140.255,4139.542,2250,2250
2021-04-23 00:17:04.300000,4140.248,4139.745,460,2250
2021-04-23 00:17:04.351000,4140.458,4139.733,2250,2250
2021-04-23 00:17:04.757000,4140.258,4139.554,2250,4190
2021-04-23 00:17:04.808000,4140.264,4139.533,2250,2250
2021-04-23 00:17:08.489000,4140.254,4139.836,460,2250
2021-04-23 00:17:08.539000,4140.552,4139.833,2250,2250
2021-04-23 00:17:10.254000,4140.201,4139.551,2250,4190
2021-04-23 00:17:10.305000,4140.258,4139.599,2250,2250
2021-04-23 00:17:16.034000,4140.558,4139.899,2250,2250
2021-04-23 00:17:17.356000,4140.258,4139.554,2250,2250
2021-04-23 00:17:24.825000,4140.254,4139.854,460,2250
2021-04-23 00:17:24.875000,4140.549,4139.833,2250,2250
2021-04-23 00:17:34.411000,4140.255,4139.536,2250,4190
2021-04-23 00:17:34.461000,4140.264,4139.548,2250,2250
2021-04-23 00:17:36.448000,4140.266,4139.848,460,2250
2021-04-23 00:17:36.498000,4140.501,4139.899,2250,2250
2021-04-23 00:17:39.197000,4140.246,4139.533,2250,4190
2021-04-23 00:17:39.248000,4140.255,4139.545,2250,2250
2021-04-23 00:17:50.863000,4140.254,4139.854,460,2250
2021-04-23 00:17:50.914000,4140.564,4139.851,2250,2250
2021-04-23 00:18:02.319000,4140.701,4140.033,2250,2250
2021-04-23 00:18:03.500000,4140.558,4139.851,2250,4190
2021-04-23 00:18:03.550000,4140.552,4139.839,2250,2250
2021-04-23 00:18:15.257000,4140.569,4140.036,460,2250
2021-04-23 00:18:15.307000,4140.746,4140.099,2250,2250
2021-04-23 00:18:15.713000,4140.501,4139.854,2250,4190
2021-04-23 00:18:15.763000,4140.564,4139.848,2250,2250
2021-04-23 00:18:26.284000,4140.252,4139.542,2250,4190
2021-04-23 00:18:26.334000,4140.258,4139.536,2250,2250
2021-04-23 00:18:27.042000,4140.257,4139.836,460,2250
2021-04-23 00:18:27.093000,4140.501,4139.839,2250,2250
2021-04-23 00:18:29.866000,4140.246,4139.599,2250,4190
2021-04-23 00:18:29.917000,4140.261,4139.539,2250,2250
2021-04-23 00:18:31.768000,4140.401,4139.751,2250,2250
2021-04-23 00:18:32.107000,4140.249,4139.554,2250,4190
2021-04-23 00:18:32.158000,4140.252,4139.533,2250,2250
2021-04-23 00:18:33.627000,4140.248,4139.748,460,2250
2021-04-23 00:18:33.678000,4140.464,4139.748,2250,2250
2021-04-23 00:18:33.787000,4140.267,4139.554,2250,4190
2021-04-23 00:18:33.837000,4140.252,4139.539,2250,2250
2021-04-23 00:18:34.639000,4140.254,4139.839,460,2250
2021-04-23 00:18:34.690000,4140.501,4139.839,2250,2250
2021-04-23 00:18:40.485000,4140.258,4139.542,2250,4190
2021-04-23 00:18:40.536000,4140.261,4139.539,2250,2250
2021-04-23 00:18:41.184000,4140.203,4139.736,460,2250
2021-04-23 00:18:41.234000,4140.446,4139.751,2250,2250
2021-04-23 00:18:41.605000,4140.264,4139.542,2250,4190
2021-04-23 00:18:41.655000,4140.258,4139.539,2250,2250
2021-04-23 00:18:43.799000,4140.266,4139.854,460,2250
2021-04-23 00:18:43.849000,4140.501,4139.836,2250,2250
2021-04-23 00:18:45.849000,4140.255,4139.542,2250,4190
2021-04-23 00:18:45.900000,4140.264,4139.551,2250,2250
2021-04-23 00:18:50.172000,4140.26,4139.848,460,2250
2021-04-23 00:18:50.222000,4140.552,4139.848,2250,2250
2021-04-23 00:19:02.486000,4140.746,4140.054,2250,2250
2021-04-23 00:19:07.476000,4140.763,4140.248,460,2250
2021-04-23 00:19:07.526000,4140.946,4140.239,2250,2250
2021-04-23 00:19:08.316000,4140.954,4140.399,460,2250
2021-04-23 00:19:08.366000,4141.049,4140.345,2250,2250
2021-04-23 00:19:13.379000,4141.261,4140.545,2250,2250
2021-04-23 00:19:16.708000,4141.26,4140.836,460,2250
2021-04-23 00:19:16.758000,4141.564,4140.833,2250,2250
2021-04-23 00:19:20.218000,4141.246,4140.533,2250,4190
2021-04-23 00:19:20.268000,4141.264,4140.536,2250,2250
2021-04-23 00:19:46.767000,4141.001,4140.333,2250,4190
2021-04-23 00:19:46.817000,4141.049,4140.351,2250,2250
2021-04-23 00:19:47.090000,4141.054,4140.545,460,2250
2021-04-23 00:19:47.140000,4141.267,4140.548,2250,2250
2021-04-23 00:19:48.042000,4141.046,4140.339,2250,2250
2021-04-23 00:20:00.387000,4140.764,4140.054,2250,4190
2021-04-23 00:20:00.437000,4140.752,4140.042,2250,2250
2021-04-23 00:20:01.318000,4141.058,4140.399,2250,2250
2021-04-23 00:20:01.672000,4140.749,4140.033,2250,2250
2021-04-23 00:20:03.822000,4140.763,4140.342,460,2250
2021-04-23 00:20:03.873000,4141.067,4140.333,2250,2250
2021-04-23 00:20:03.985000,4140.901,4140.233,2250,4190
2021-04-23 00:20:04.035000,4140.958,4140.245,2250,2250
2021-04-23 00:20:04.409000,4140.749,4140.033,2250,4190
2021-04-23 00:20:04.460000,4140.701,4140.051,2250,2250
2021-04-23 00:20:05.608000,4141.055,4140.333,2250,2250
2021-04-23 00:20:12.377000,4140.749,4140.033,2250,4190
2021-04-23 00:20:12.427000,4140.758,4140.051,2250,2250
2021-04-23 00:20:17.921000,4140.769,4140.345,460,2250
2021-04-23 00:20:17.971000,4141.061,4140.345,2250,2250
2021-04-23 00:20:19.306000,4140.764,4140.033,2250,4190
2021-04-23 00:20:19.357000,4140.767,4140.036,2250,2250
2021-04-23 00:20:46.877000,4140.76,4140.239,460,2250
2021-04-23 00:20:46.928000,4140.949,4140.299,2250,2250
2021-04-23 00:20:47.522000,4140.764,4140.048,2250,4190
2021-04-23 00:20:47.573000,4140.764,4140.054,2250,2250
2021-04-23 00:20:48.821000,4140.748,4140.236,460,2250
2021-04-23 00:20:48.871000,4140.901,4140.233,2250,2250
2021-04-23 00:20:48.980000,4140.761,4140.039,2250,4190
2021-04-23 00:20:49.030000,4140.758,4140.042,2250,2250
2021-04-23 00:20:49.789000,4140.76,4140.333,460,2250
2021-04-23 00:20:49.840000,4141.067,4140.399,2250,2250
2021-04-23 00:21:04.249000,4141.003,4140.599,460,2250
2021-04-23 00:21:04.300000,4141.249,4140.548,2250,2250
2021-04-23 00:21:16.448000,4141.064,4140.345,2250,4190
2021-04-23 00:21:16.498000,4141.067,4140.339,2250,2250
2021-04-23 00:21:26.321000,4141.246,4140.539,2250,2250
2021-04-23 00:21:26.436000,4141.049,4140.348,2250,4190
2021-04-23 00:21:26.487000,4141.049,4140.399,2250,2250
2021-04-23 00:21:28.426000,4141.069,4140.551,460,2250
2021-04-23 00:21:28.476000,4141.264,4140.542,2250,2250
2021-04-23 00:21:28.905000,4141.058,4140.339,2250,4190
2021-04-23 00:21:28.956000,4141.001,4140.333,2250,2250
2021-04-23 00:21:36.299000,4141.057,4140.454,460,2250
2021-04-23 00:21:36.349000,4141.161,4140.445,2250,2250
2021-04-23 00:21:36.617000,4141.052,4140.348,2250,4190
2021-04-23 00:21:36.668000,4141.001,4140.342,2250,2250
2021-04-23 00:21:37.102000,4141.048,4140.499,460,2250
2021-04-23 00:21:37.152000,4141.101,4140.442,2250,2250
2021-04-23 00:21:37.317000,4141.103,4140.554,460,2250
2021-04-23 00:21:37.367000,4141.258,4140.551,2250,2250
2021-04-23 00:22:02.330000,4141.248,4140.851,460,2250
2021-04-23 00:22:02.381000,4141.546,4140.899,2250,2250
2021-04-23 00:22:07.522000,4141.749,4141.048,2250,2250
2021-04-23 00:22:09.593000,4141.552,4140.839,2250,2250
2021-04-23 00:22:10.629000,4141.503,4140.936,460,2250
2021-04-23 00:22:10.679000,4141.667,4140.942,2250,2250
2021-04-23 00:22:11.039000,4141.567,4140.842,2250,4190
2021-04-23 00:22:11.090000,4141.546,4140.848,2250,2250
2021-04-23 00:22:12.327000,4141.554,4140.936,460,2250
2021-04-23 00:22:12.378000,4141.658,4140.933,2250,2250
2021-04-23 00:22:12.898000,4141.669,4141.042,460,2250
2021-04-23 00:22:12.948000,4141.752,4141.036,2250,2250
2021-04-23 00:22:15.899000,4141.561,4140.899,2250,4190
2021-04-23 00:22:15.949000,4141.567,4140.845,2250,2250
2021-04-23 00:22:20.487000,4141.746,4141.042,2250,2250
2021-04-23 00:22:39.248000,4141.549,4140.848,2250,4190
2021-04-23 00:22:39.298000,4141.558,4140.851,2250,2250
2021-04-23 00:22:41.091000,4141.503,4141.033,460,2250
2021-04-23 00:22:41.141000,4141.746,4141.036,2250,2250
2021-04-23 00:23:00.619000,4141.569,4141.033,460,2250
2021-04-23 00:23:00.669000,4141.561,4140.833,2250,2250
2021-04-23 00:23:02.413000,4141.664,4140.954,2250,2250
2021-04-23 00:23:02.559000,4141.651,4141.054,460,2250
2021-04-23 00:23:02.610000,4141.758,4141.054,2250,2250
2021-04-23 00:23:03.073000,4141.564,4140.839,2250,2250
2021-04-23 00:23:35.159000,4141.249,4140.548,2250,2250
2021-04-23 00:23:44.838000,4141.251,4140.836,460,2250
2021-04-23 00:23:44.889000,4141.549,4140.836,2250,2250
2021-04-23 00:24:26.855000,4141.554,4141.051,460,2250
2021-04-23 00:24:26.905000,4141.767,4141.045,2250,2250
2021-04-23 00:24:32.318000,4141.501,4140.836,2250,4190
2021-04-23 00:24:32.369000,4141.501,4140.845,2250,2250
2021-04-23 00:24:32.986000,4141.566,4141.099,460,2250
2021-04-23 00:24:33.036000,4141.701,4141.045,2250,2250
2021-04-23 00:25:17.926000,4141.546,4140.848,2250,4190
2021-04-23 00:25:17.977000,4141.501,4140.845,2250,2250
2021-04-23 00:25:53.199000,4141.201,4140.548,2250,4190
2021-04-23 00:25:53.249000,4141.258,4140.599,2250,2250
2021-04-23 00:25:56.980000,4141.546,4140.839,2250,2250
2021-04-23 00:26:38.748000,4141.264,4140.551,2250,4190
2021-04-23 00:26:38.799000,4141.249,4140.542,2250,2250
2021-04-23 00:26:51.827000,4141.549,4140.833,2250,2250
2021-04-23 00:26:52.602000,4141.264,4140.533,2250,4190
2021-04-23 00:26:52.652000,4141.246,4140.533,2250,2250
2021-04-23 00:26:57.195000,4141.203,4140.851,460,2250
2021-04-23 00:26:57.246000,4141.552,4140.899,2250,2250
2021-04-23 00:27:05.363000,4141.764,4141.054,2250,2250
2021-04-23 00:27:21.713000,4141.501,4140.833,2250,4190
2021-04-23 00:27:21.763000,4141.564,4140.836,2250,2250
2021-04-23 00:27:34.108000,4141.255,4140.536,2250,4190
2021-04-23 00:27:34.158000,4141.264,4140.548,2250,2250
2021-04-23 00:27:38.136000,4141.251,4140.899,460,2250
2021-04-23 00:27:38.186000,4141.555,4140.845,2250,2250
2021-04-23 00:27:40.024000,4141.767,4141.039,2250,2250
2021-04-23 00:27:40.169000,4141.555,4140.854,2250,4190
2021-04-23 00:27:40.219000,4141.558,4140.851,2250,2250
2021-04-23 00:27:45.430000,4141.566,4141.042,460,2250
2021-04-23 00:27:45.481000,4141.701,4141.039,2250,2250
2021-04-23 00:27:46.109000,4141.601,4140.939,2250,4190
2021-04-23 00:27:46.159000,4141.658,4140.954,2250,2250
2021-04-23 00:27:49.088000,4141.546,4140.839,2250,4190
2021-04-23 00:27:49.138000,4141.552,4140.899,2250,2250
2021-04-23 00:27:55.577000,4141.551,4141.054,460,2250
2021-04-23 00:27:55.627000,4141.749,4141.045,2250,2250
2021-04-23 00:27:56.426000,4141.558,4140.839,2250,4190
2021-04-23 00:27:56.477000,4141.564,4140.839,2250,2250
2021-04-23 00:28:12.694000,4141.548,4141.039,460,2250
2021-04-23 00:28:12.744000,4141.761,4141.051,2250,2250
2021-04-23 00:28:12.853000,4141.558,4140.899,2250,4190
2021-04-23 00:28:12.903000,4141.567,4140.848,2250,2250
2021-04-23 00:28:22.459000,4141.557,4141.036,460,2250
2021-04-23 00:28:22.510000,4141.749,4141.048,2250,2250
2021-04-23 00:28:23.101000,4141.552,4140.833,2250,4190
2021-04-23 00:28:23.152000,4141.558,4140.839,2250,2250
2021-04-23 00:28:27.030000,4141.569,4141.036,460,2250
2021-04-23 00:28:27.081000,4141.755,4141.036,2250,2250
2021-04-23 00:28:27.189000,4141.555,4140.899,2250,4190
2021-04-23 00:28:27.240000,4141.561,4140.836,2250,2250
2021-04-23 00:28:31.128000,4141.563,4141.048,460,2250
2021-04-23 00:28:31.179000,4141.752,4141.045,2250,2250
2021-04-23 00:28:46.740000,4141.558,4140.899,2250,2250
2021-04-23 00:28:49.579000,4141.554,4140.936,460,2250
2021-04-23 00:28:49.629000,4141.655,4140.933,2250,2250
2021-04-23 00:28:52.178000,4141.651,4141.048,460,2250
2021-04-23 00:28:52.228000,4141.761,4141.042,2250,2250
2021-04-23 00:29:05.881000,4141.555,4140.845,2250,2250
2021-04-23 00:29:44.698000,4141.548,4141.045,460,2250
2021-04-23 00:29:44.749000,4141.767,4141.048,2250,2250
2021-04-23 00:29:45.579000,4141.564,4140.854,2250,4190
2021-04-23 00:29:45.630000,4141.555,4140.833,2250,2250
2021-04-23 00:30:02.193000,4141.249,4140.554,2250,4190
2021-04-23 00:30:02.243000,4141.246,4140.545,2250,2250
2021-04-23 00:30:05.502000,4141.146,4140.499,2250,4190
2021-04-23 00:30:05.552000,4141.167,4140.433,2250,2250
2021-04-23 00:30:05.762000,4141.064,4140.336,2250,4190
2021-04-23 00:30:05.813000,4141.067,4140.345,2250,2250
2021-04-23 00:30:06.539000,4141.048,4140.539,460,2250
2021-04-23 00:30:06.590000,4141.246,4140.599,2250,2250
2021-04-23 00:30:06.699000,4141.052,4140.351,2250,4190
2021-04-23 00:30:06.750000,4141.067,4140.336,2250,2250
2021-04-23 00:30:07.278000,4141.258,4140.533,2250,2250
2021-04-23 00:30:07.731000,4141.158,4140.451,2250,4190
2021-04-23 00:30:07.781000,4141.101,4140.439,2250,2250
2021-04-23 00:30:07.939000,4141.067,4140.342,2250,2250
2021-04-23 00:30:10.250000,4141.201,4140.536,2250,2250
2021-04-23 00:30:18.905000,4141.161,4140.499,2250,4190
2021-04-23 00:30:18.955000,4141.164,4140.439,2250,2250
2021-04-23 00:30:19.066000,4141.148,4140.539,460,2250
2021-04-23 00:30:19.116000,4141.264,4140.599,2250,2250
2021-04-23 00:30:23.139000,4141.257,4140.833,460,2250
2021-04-23 00:30:23.189000,4141.501,4140.842,2250,2250
2021-04-23 00:30:25.440000,4141.255,4140.542,2250,2250
2021-04-23 00:30:41.409000,4141.254,4140.842,460,2250
2021-04-23 00:30:41.459000,4141.555,4140.836,2250,2250
2021-04-23 00:30:50.390000,4141.267,4140.539,2250,4190
2021-04-23 00:30:50.441000,4141.267,4140.542,2250,2250
2021-04-23 00:30:50.552000,4141.263,4140.899,460,2250
2021-04-23 00:30:50.603000,4141.552,4140.842,2250,2250
2021-04-23 00:30:54.164000,4141.264,4140.542,2250,2250
2021-04-23 00:31:02.255000,4141.254,4140.851,460,2250
2021-04-23 00:31:02.305000,4141.567,4140.899,2250,2250
2021-04-23 00:31:08.601000,4141.261,4140.554,2250,4190
2021-04-23 00:31:08.651000,4141.246,4140.545,2250,2250
2021-04-23 00:31:18.117000,4141.269,4140.845,460,2250
2021-04-23 00:31:18.167000,4141.558,4140.833,2250,2250
2021-04-23 00:31:18.704000,4141.261,4140.539,2250,4190
2021-04-23 00:31:18.754000,4141.255,4140.533,2250,2250
2021-04-23 00:31:21.041000,4141.26,4140.745,460,2250
2021-04-23 00:31:21.091000,4141.452,4140.736,2250,2250
2021-04-23 00:31:21.304000,4141.255,4140.548,2250,4190
2021-04-23 00:31:21.354000,4141.264,4140.545,2250,2250
2021-04-23 00:31:22.012000,4141.501,4140.851,2250,2250
2021-04-23 00:31:25.567000,4141.267,4140.554,2250,4190
2021-04-23 00:31:25.617000,4141.264,4140.599,2250,2250
2021-04-23 00:31:29.101000,4141.049,4140.333,2250,4190
2021-04-23 00:31:29.151000,4141.058,4140.345,2250,2250
2021-04-23 00:31:30.568000,4141.003,4140.454,460,2250
2021-04-23 00:31:30.618000,4141.167,4140.436,2250,2250
2021-04-23 00:31:30.731000,4141.046,4140.342,2250,4190
2021-04-23 00:31:30.782000,4141.046,4140.345,2250,2250
2021-04-23 00:31:44.862000,4141.051,4140.548,460,2250
2021-04-23 00:31:44.912000,4141.258,4140.548,2250,2250
2021-04-23 00:31:45.344000,4141.055,4140.339,2250,4190
2021-04-23 00:31:45.394000,4141.052,4140.351,2250,2250
2021-04-23 00:31:45.504000,4141.003,4140.445,460,2250
2021-04-23 00:31:45.555000,4141.101,4140.454,2250,2250
2021-04-23 00:31:45.663000,4141.001,4140.348,2250,4190
2021-04-23 00:31:45.714000,4141.055,4140.333,2250,2250
2021-04-23 00:32:21.970000,4140.701,4140.036,2250,2250
2021-04-23 00:32:35.685000,4140.567,4139.836,2250,4190
2021-04-23 00:32:35.735000,4140.552,4139.848,2250,2250
2021-04-23 00:32:54.267000,4140.503,4140.036,460,2250
2021-04-23 00:32:54.317000,4140.749,4140.045,2250,2250
2021-04-23 00:32:56.590000,4140.703,4140.345,460,2250
2021-04-23 00:32:56.641000,4141.052,4140.354,2250,2250
2021-04-23 00:32:58.158000,4140.703,4140.333,460,2250
2021-04-23 00:32:58.208000,4140.749,4140.033,2250,2250
2021-04-23 00:32:58.497000,4140.703,4140.242,460,2250
2021-04-23 00:32:58.548000,4140.946,4140.248,2250,2250
2021-04-23 00:32:58.658000,4140.954,4140.348,460,2250
2021-04-23 00:32:58.709000,4141.067,4140.333,2250,2250
2021-04-23 00:33:02.426000,4141.261,4140.536,2250,2250
2021-04-23 00:33:07.228000,4141.046,4140.339,2250,4190
2021-04-23 00:33:07.278000,4141.046,4140.336,2250,2250
2021-04-23 00:33:17.398000,4141.06,4140.554,460,2250
2021-04-23 00:33:17.448000,4141.246,4140.533,2250,2250
2021-04-23 00:33:20.940000,4141.052,4140.351,2250,4190
2021-04-23 00:33:20.990000,4141.049,4140.333,2250,2250
2021-04-23 00:33:51.614000,4141.246,4140.539,2250,2250
2021-04-23 00:33:59.340000,4141.046,4140.345,2250,4190
2021-04-23 00:33:59.391000,4141.055,4140.333,2250,2250
2021-04-23 00:34:17.509000,4140.752,4140.042,2250,4190
2021-04-23 00:34:17.560000,4140.758,4140.033,2250,2250
2021-04-23 00:35:01.365000,4140.555,4139.854,2250,4190
2021-04-23 00:35:01.415000,4140.558,4139.899,2250,2250
2021-04-23 00:35:07.362000,4140.752,4140.036,2250,2250
2021-04-23 00:35:07.683000,4140.501,4139.842,2250,4190
2021-04-23 00:35:07.733000,4140.549,4139.851,2250,2250
2021-04-23 00:35:08.321000,4140.557,4140.042,460,2250
2021-04-23 00:35:08.372000,4140.761,4140.039,2250,2250
2021-04-23 00:35:21.358000,4140.546,4139.854,2250,4190
2021-04-23 00:35:21.408000,4140.564,4139.854,2250,2250
2021-04-23 00:35:23.897000,4140.503,4140.048,460,2250
2021-04-23 00:35:23.947000,4140.767,4140.051,2250,2250
2021-04-23 00:35:24.378000,4140.566,4140.045,460,2250
2021-04-23 00:35:24.428000,4140.561,4139.845,2250,2250
2021-04-23 00:35:25.626000,4140.563,4140.045,460,2250
2021-04-23 00:35:25.676000,4140.749,4140.045,2250,2250
2021-04-23 00:35:29.945000,4140.661,4139.951,2250,4190
2021-04-23 00:35:29.996000,4140.652,4139.948,2250,2250
2021-04-23 00:35:30.263000,4140.666,4140.054,460,2250
2021-04-23 00:35:30.313000,4140.749,4140.048,2250,2250
2021-04-23 00:36:01.938000,4140.76,4140.348,460,2250
2021-04-23 00:36:01.988000,4141.052,4140.345,2250,2250
2021-04-23 00:36:02.892000,4140.749,4140.045,2250,4190
2021-04-23 00:36:02.942000,4140.752,4140.033,2250,2250
2021-04-23 00:36:06.129000,4140.501,4139.833,2250,2250
2021-04-23 00:36:07.171000,4140.548,4140.036,460,2250
2021-04-23 00:36:07.221000,4140.758,4140.051,2250,2250
2021-04-23 00:36:27.673000,4140.567,4139.848,2250,2250
2021-04-23 00:36:32.665000,4140.548,4140.042,460,2250
2021-04-23 00:36:32.715000,4140.767,4140.054,2250,2250
2021-04-23 00:36:40.428000,4140.546,4139.842,2250,4190
2021-04-23 00:36:40.478000,4140.552,4139.851,2250,2250
2021-04-23 00:36:41.309000,4140.548,4140.045,460,2250
2021-04-23 00:36:41.360000,4140.755,4140.033,2250,2250
2021-04-23 00:37:46.750000,4140.501,4139.845,2250,4190
2021-04-23 00:37:46.801000,4140.501,4139.851,2250,2250
2021-04-23 00:37:56.646000,4140.267,4139.533,2250,4190
2021-04-23 00:37:56.696000,4140.267,4139.545,2250,2250
2021-04-23 00:38:02.782000,4140.067,4139.348,2250,2250
2021-04-23 00:38:02.910000,4140.057,4139.551,460,2250
2021-04-23 00:38:02.960000,4140.261,4139.551,2250,2250
2021-04-23 00:38:09.515000,4140.049,4139.339,2250,2250
2021-04-23 00:38:32.522000,4139.752,4139.039,2250,4190
2021-04-23 00:38:32.572000,4139.746,4139.042,2250,2250
2021-04-23 00:38:54.609000,4140.052,4139.342,2250,2250
2021-04-23 00:39:11.026000,4140.057,4139.545,460,2250
2021-04-23 00:39:11.076000,4140.246,4139.536,2250,2250
2021-04-23 00:40:11.827000,4140.052,4139.354,2250,4190
2021-04-23 00:40:11.877000,4140.052,4139.342,2250,2250
2021-04-23 00:40:17.583000,4140.258,4139.542,2250,2250
2021-04-23 00:40:18.573000,4140.161,4139.451,2250,2250
2021-04-23 00:40:20.024000,4140.061,4139.339,2250,4190
2021-04-23 00:40:20.074000,4140.001,4139.339,2250,2250
2021-04-23 00:40:20.554000,4140.167,4139.448,2250,2250
2021-04-23 00:40:21.069000,4140.169,4139.599,460,2250
2021-04-23 00:40:21.119000,4140.249,4139.536,2250,2250
2021-04-23 00:40:21.228000,4140.167,4139.439,2250,4190
2021-04-23 00:40:21.279000,4140.161,4139.442,2250,2250
2021-04-23 00:40:21.575000,4140.046,4139.354,2250,4190
2021-04-23 00:40:21.626000,4140.067,4139.333,2250,2250
2021-04-23 00:40:31.337000,4139.964,4139.251,2250,4190
2021-04-23 00:40:31.387000,4139.961,4139.251,2250,2250
2021-04-23 00:40:32.354000,4139.752,4139.039,2250,4190
2021-04-23 00:40:32.405000,4139.746,4139.039,2250,2250
2021-04-23 00:40:45.398000,4139.546,4138.845,2250,2250
2021-04-23 00:40:59.526000,4139.264,4138.548,2250,4190
2021-04-23 00:40:59.576000,4139.246,4138.554,2250,2250
2021-04-23 00:41:15.105000,4138.746,4138.099,2250,2250
2021-04-23 00:41:15.243000,4138.76,4138.399,460,2250
2021-04-23 00:41:15.293000,4139.064,4138.399,2250,2250
2021-04-23 00:41:16.593000,4138.946,4138.254,2250,2250
2021-04-23 00:41:16.756000,4139.061,4138.399,2250,2250
2021-04-23 00:41:26.329000,4138.749,4138.039,2250,2250
2021-04-23 00:41:43.161000,4139.049,4138.339,2250,2250
2021-04-23 00:41:48.702000,4139.06,4138.545,460,2250
2021-04-23 00:41:48.752000,4139.201,4138.599,2250,2250
2021-04-23 00:42:13.278000,4139.064,4138.351,2250,4190
2021-04-23 00:42:13.329000,4139.055,4138.342,2250,2250
2021-04-23 00:42:18.310000,4138.764,4138.048,2250,4190
2021-04-23 00:42:18.361000,4138.755,4138.048,2250,2250
2021-04-23 00:42:31.850000,4138.751,4138.348,460,2250
2021-04-23 00:42:31.901000,4139.046,4138.339,2250,2250
2021-04-23 00:43:06.016000,4138.767,4138.051,2250,4190
2021-04-23 00:43:06.066000,4138.749,4138.033,2250,2250
2021-04-23 00:43:07.493000,4138.754,4138.336,460,2250
2021-04-23 00:43:07.543000,4139.046,4138.348,2250,2250
2021-04-23 00:43:12.929000,4138.764,4138.045,2250,4190
2021-04-23 00:43:12.979000,4138.764,4138.099,2250,2250
2021-04-23 00:43:15.553000,4138.769,4138.399,460,2250
2021-04-23 00:43:15.603000,4139.055,4138.345,2250,2250
2021-04-23 00:43:15.715000,4138.955,4138.245,2250,4190
2021-04-23 00:43:15.765000,4138.958,4138.299,2250,2250
2021-04-23 00:43:15.892000,4138.963,4138.342,460,2250
2021-04-23 00:43:15.943000,4139.067,4138.339,2250,2250
2021-04-23 00:43:21.343000,4138.752,4138.045,2250,4190
2021-04-23 00:43:21.394000,4138.701,4138.036,2250,2250
2021-04-23 00:43:24.799000,4138.754,4138.248,460,2250
2021-04-23 00:43:24.850000,4138.967,4138.254,2250,2250
2021-04-23 00:43:25.119000,4138.764,4138.051,2250,4190
2021-04-23 00:43:25.170000,4138.746,4138.042,2250,2250
2021-04-23 00:43:27.043000,4138.763,4138.236,460,2250
2021-04-23 00:43:27.093000,4138.967,4138.254,2250,2250
2021-04-23 00:43:27.218000,4139.049,4138.342,2250,2250
2021-04-23 00:43:31.676000,4138.901,4138.254,2250,4190
2021-04-23 00:43:31.726000,4138.949,4138.248,2250,2250
2021-04-23 00:43:31.995000,4138.761,4138.099,2250,4190
2021-04-23 00:43:32.045000,4138.764,4138.042,2250,2250
2021-04-23 00:43:37.233000,4138.763,4138.333,460,2250
2021-04-23 00:43:37.283000,4139.049,4138.345,2250,2250
2021-04-23 00:44:02.305000,4138.746,4138.045,2250,2250
2021-04-23 00:44:04.397000,4138.76,4138.348,460,2250
2021-04-23 00:44:04.447000,4139.061,4138.354,2250,2250
2021-04-23 00:44:06.050000,4138.755,4138.051,2250,4190
2021-04-23 00:44:06.100000,4138.701,4138.048,2250,2250
2021-04-23 00:44:09.899000,4139.058,4138.336,2250,2250
2021-04-23 00:44:11.255000,4138.755,4138.039,2250,4190
2021-04-23 00:44:11.305000,4138.758,4138.099,2250,2250
2021-04-23 00:44:14.646000,4138.703,4138.351,460,2250
2021-04-23 00:44:14.696000,4139.064,4138.333,2250,2250
2021-04-23 00:44:17.954000,4138.764,4138.042,2250,4190
2021-04-23 00:44:18.004000,4138.746,4138.045,2250,2250
2021-04-23 00:44:24.793000,4138.757,4138.251,460,2250
2021-04-23 00:44:24.843000,4138.955,4138.233,2250,2250
2021-04-23 00:44:25.413000,4138.701,4138.033,2250,2250
2021-04-23 00:44:30.764000,4138.763,4138.345,460,2250
2021-04-23 00:44:30.814000,4139.001,4138.354,2250,2250
2021-04-23 00:44:54.461000,4138.964,4138.245,2250,2250
2021-04-23 00:44:56.199000,4138.966,4138.345,460,2250
2021-04-23 00:44:56.250000,4139.001,4138.342,2250,2250
2021-04-23 00:44:58.679000,4138.764,4138.042,2250,4190
2021-04-23 00:44:58.730000,4138.758,4138.036,2250,2250
2021-04-23 00:45:31.703000,4138.751,4138.399,460,2250
2021-04-23 00:45:31.754000,4139.058,4138.339,2250,2250
2021-04-23 00:45:38.123000,4139.057,4138.554,460,2250
2021-04-23 00:45:38.173000,4139.258,4138.539,2250,2250
2021-04-23 00:45:52.222000,4139.248,4138.851,460,2250
2021-04-23 00:45:52.272000,4139.558,4138.842,2250,2250
2021-04-23 00:46:08.008000,4139.569,4139.099,460,2250
2021-04-23 00:46:08.058000,4139.746,4139.054,2250,2250
2021-04-23 00:46:08.167000,4139.664,4138.933,2250,4190
2021-04-23 00:46:08.218000,4139.646,4138.999,2250,2250
2021-04-23 00:46:09.782000,4139.758,4139.045,2250,2250
2021-04-23 00:46:14.278000,4139.549,4138.899,2250,4190
2021-04-23 00:46:14.329000,4139.561,4138.851,2250,2250
2021-04-23 00:46:20.678000,4139.246,4138.536,2250,4190
2021-04-23 00:46:20.729000,4139.246,4138.599,2250,2250
2021-04-23 00:46:30.070000,4139.046,4138.333,2250,4190
2021-04-23 00:46:30.120000,4139.001,4138.399,2250,2250
2021-04-23 00:46:30.907000,4139.167,4138.499,2250,2250
2021-04-23 00:46:31.448000,4139.049,4138.339,2250,4190
2021-04-23 00:46:31.499000,4139.067,4138.336,2250,2250
2021-04-23 00:46:50.085000,4138.761,4138.048,2250,2250
2021-04-23 00:46:58.002000,4139.064,4138.351,2250,2250
2021-04-23 00:47:13.418000,4138.701,4138.051,2250,4190
2021-04-23 00:47:13.468000,4138.701,4138.048,2250,2250
2021-04-23 00:47:14.583000,4138.748,4138.354,460,2250
2021-04-23 00:47:14.634000,4139.049,4138.342,2250,2250
2021-04-23 00:47:17.152000,4138.752,4138.051,2250,2250
2021-04-23 00:47:18.472000,4138.952,4138.242,2250,2250
2021-04-23 00:47:19.017000,4138.755,4138.036,2250,4190
2021-04-23 00:47:19.067000,4138.752,4138.054,2250,2250
2021-04-23 00:48:03.233000,4138.564,4137.836,2250,4190
2021-04-23 00:48:03.388000,4138.558,4137.833,2250,2250
2021-04-23 00:48:03.552000,4138.551,4138.048,460,2250
2021-04-23 00:48:03.602000,4138.752,4138.045,2250,2250
2021-04-23 00:48:07.539000,4138.555,4137.851,2250,4190
2021-04-23 00:48:07.590000,4138.555,4137.899,2250,2250
2021-04-23 00:48:08.386000,4138.764,4138.033,2250,2250
2021-04-23 00:48:10.386000,4138.667,4137.954,2250,4190
2021-04-23 00:48:10.436000,4138.667,4137.945,2250,2250
2021-04-23 00:48:10.545000,4138.603,4138.042,460,2250
2021-04-23 00:48:10.595000,4138.767,4138.033,2250,2250
2021-04-23 00:48:11.847000,4138.551,4138.039,460,2250
2021-04-23 00:48:11.898000,4138.567,4137.842,2250,2250
2021-04-23 00:48:12.167000,4138.551,4138.036,460,2250
2021-04-23 00:48:12.218000,4138.767,4138.051,2250,2250
2021-04-23 00:48:19.804000,4138.561,4137.833,2250,4190
2021-04-23 00:48:19.854000,4138.567,4137.839,2250,2250
2021-04-23 00:48:19.963000,4138.563,4138.054,460,2250
2021-04-23 00:48:20.013000,4138.701,4138.036,2250,2250
2021-04-23 00:48:35.315000,4138.757,4138.333,460,2250
2021-04-23 00:48:35.365000,4139.052,4138.354,2250,2250
2021-04-23 00:48:43.134000,4139.063,4138.599,460,2250
2021-04-23 00:48:43.184000,4139.264,4138.599,2250,2250
2021-04-23 00:49:09.701000,4139.152,4138.499,2250,4190
2021-04-23 00:49:09.751000,4139.146,4138.436,2250,2250
2021-04-23 00:49:10.156000,4139.261,4138.554,2250,2250
2021-04-23 00:49:45.907000,4139.058,4138.342,2250,4190
2021-04-23 00:49:45.957000,4139.058,4138.351,2250,2250
2021-04-23 00:49:48.949000,4139.069,4138.542,460,2250
2021-04-23 00:49:48.999000,4139.261,4138.533,2250,2250
2021-04-23 00:49:51.879000,4139.263,4138.836,460,2250
2021-04-23 00:49:51.930000,4139.558,4138.899,2250,2250
2021-04-23 00:49:52.200000,4139.252,4138.599,2250,4190
2021-04-23 00:49:52.251000,4139.252,4138.554,2250,2250
2021-04-23 00:50:06.622000,4139.061,4138.399,2250,4190
2021-04-23 00:50:06.672000,4139.046,4138.333,2250,2250
2021-04-23 00:50:39.543000,4139.063,4138.545,460,2250
2021-04-23 00:50:39.594000,4139.258,4138.536,2250,2250
2021-04-23 00:50:39.705000,4139.149,4138.499,2250,4190
2021-04-23 00:50:39.756000,4139.101,4138.448,2250,2250
2021-04-23 00:50:39.864000,4139.055,4138.345,2250,4190
2021-04-23 00:50:39.915000,4139.061,4138.348,2250,2250
2021-04-23 00:50:40.026000,4139.003,4138.445,460,2250
2021-04-23 00:50:40.076000,4139.101,4138.454,2250,2250
2021-04-23 00:50:40.264000,4139.16,4138.536,460,2250
2021-04-23 00:50:40.314000,4139.267,4138.548,2250,2250
2021-04-23 00:50:45.442000,4139.564,4138.899,2250,2250
2021-04-23 00:50:45.957000,4139.264,4138.542,2250,4190
2021-04-23 00:50:46.008000,4139.246,4138.545,2250,2250
2021-04-23 00:51:40.955000,4139.046,4138.342,2250,4190
2021-04-23 00:51:41.006000,4139.049,4138.354,2250,2250
2021-04-23 00:51:56.152000,4139.06,4138.551,460,2250
2021-04-23 00:51:56.202000,4139.264,4138.548,2250,2250
2021-04-23 00:52:02.156000,4139.203,4138.833,460,2250
2021-04-23 00:52:02.207000,4139.567,4138.854,2250,2250
2021-04-23 00:52:23.027000,4139.264,4138.548,2250,4190
2021-04-23 00:52:23.077000,4139.201,4138.542,2250,2250
2021-04-23 00:52:25.136000,4139.501,4138.842,2250,2250
2021-04-23 00:52:55.711000,4139.258,4138.554,2250,4190
2021-04-23 00:52:55.762000,4139.258,4138.542,2250,2250
2021-04-23 00:52:57.024000,4139.263,4138.854,460,2250
2021-04-23 00:52:57.075000,4139.558,4138.899,2250,2250
2021-04-23 00:53:33.348000,4139.557,4139.099,460,2250
2021-04-23 00:53:33.398000,4139.746,4139.099,2250,2250
2021-04-23 00:53:37.188000,4139.552,4138.854,2250,2250
2021-04-23 00:53:46.555000,4139.551,4139.045,460,2250
2021-04-23 00:53:46.605000,4139.758,4139.099,2250,2250
2021-04-23 00:53:58.650000,4139.564,4138.851,2250,4190
2021-04-23 00:53:58.700000,4139.558,4138.842,2250,2250
2021-04-23 00:54:01.082000,4139.557,4139.051,460,2250
2021-04-23 00:54:01.132000,4139.758,4139.054,2250,2250
2021-04-23 00:54:09.618000,4139.76,4139.339,460,2250
2021-04-23 00:54:09.669000,4140.052,4139.354,2250,2250
2021-04-23 00:54:18.568000,4140.048,4139.536,460,2250
2021-04-23 00:54:18.618000,4140.264,4139.545,2250,2250
2021-04-23 00:54:22.028000,4140.055,4139.348,2250,2250
2021-04-23 00:54:24.563000,4140.264,4139.545,2250,2250
2021-04-23 00:54:28.650000,4140.001,4139.351,2250,4190
2021-04-23 00:54:28.700000,4140.055,4139.354,2250,2250
2021-04-23 00:54:28.910000,4140.06,4139.533,460,2250
2021-04-23 00:54:28.960000,4140.201,4139.548,2250,2250
2021-04-23 00:54:29.071000,4140.055,4139.351,2250,4190
2021-04-23 00:54:29.121000,4140.055,4139.342,2250,2250
2021-04-23 00:54:32.884000,4140.048,4139.451,460,2250
2021-04-23 00:54:32.935000,4140.149,4139.433,2250,2250
2021-04-23 00:54:33.372000,4140.001,4139.345,2250,4190
2021-04-23 00:54:33.423000,4140.001,4139.345,2250,2250
2021-04-23 00:54:37.185000,4140.069,4139.454,460,2250
2021-04-23 00:54:37.236000,4140.146,4139.442,2250,2250
2021-04-23 00:54:37.344000,4140.061,4139.336,2250,4190
2021-04-23 00:54:37.394000,4140.061,4139.351,2250,2250
2021-04-23 00:54:40.780000,4140.061,4139.333,2250,4190
2021-04-23 00:54:40.830000,4140.252,4139.545,2250,2250
2021-04-23 00:54:41.239000,4140.001,4139.399,2250,4190
2021-04-23 00:54:41.290000,4140.001,4139.339,2250,2250
2021-04-23 00:54:41.672000,4140.06,4139.448,460,2250
2021-04-23 00:54:41.820000,4140.152,4139.448,2250,2250
2021-04-23 00:54:42.153000,4140.169,4139.545,460,2250
2021-04-23 00:54:42.203000,4140.255,4139.554,2250,2250
2021-04-23 00:54:45.198000,4140.001,4139.354,2250,4190
2021-04-23 00:54:45.248000,4140.067,4139.348,2250,2250
2021-04-23 00:55:01.474000,4140.066,4139.436,460,2250
2021-04-23 00:55:01.524000,4140.167,4139.499,2250,2250
2021-04-23 00:55:01.632000,4140.163,4139.536,460,2250
2021-04-23 00:55:01.683000,4140.249,4139.542,2250,2250
2021-04-23 00:55:09.125000,4140.067,4139.399,2250,2250
2021-04-23 00:55:39.003000,4139.767,4139.045,2250,4190
2021-04-23 00:55:39.054000,4139.761,4139.042,2250,2250
2021-04-23 00:55:57.266000,4139.769,4139.336,460,2250
2021-04-23 00:55:57.316000,4140.058,4139.342,2250,2250
2021-04-23 00:56:31.390000,4139.764,4139.033,2250,4190
2021-04-23 00:56:31.441000,4139.758,4139.033,2250,2250
2021-04-23 00:56:32.847000,4139.703,4139.236,460,2250
2021-04-23 00:56:32.897000,4139.901,4139.254,2250,2250
2021-04-23 00:56:34.195000,4139.957,4139.351,460,2250
2021-04-23 00:56:34.245000,4140.064,4139.333,2250,2250
2021-04-23 00:57:06.310000,4139.764,4139.036,2250,4190
2021-04-23 00:57:06.360000,4139.701,4139.045,2250,2250
2021-04-23 00:57:06.476000,4139.769,4139.348,460,2250
2021-04-23 00:57:06.526000,4140.052,4139.339,2250,2250
2021-04-23 00:57:20.572000,4139.761,4139.054,2250,4190
2021-04-23 00:57:20.623000,4139.749,4139.045,2250,2250
2021-04-23 00:57:38.417000,4139.757,4139.342,460,2250
2021-04-23 00:57:38.467000,4140.001,4139.348,2250,2250
2021-04-23 00:57:44.674000,4140.069,4139.542,460,2250
2021-04-23 00:57:44.724000,4140.252,4139.545,2250,2250
2021-04-23 00:58:03.990000,4140.263,4139.754,460,2250
2021-04-23 00:58:04.040000,4140.401,4139.736,2250,2250
2021-04-23 00:58:04.151000,4140.463,4139.833,460,2250
2021-04-23 00:58:04.202000,4140.549,4139.848,2250,2250
2021-04-23 00:58:35.786000,4140.563,4140.054,460,2250
2021-04-23 00:58:35.837000,4140.767,4140.033,2250,2250
2021-04-23 00:58:46.495000,4140.754,4140.348,460,2250
2021-04-23 00:58:46.546000,4141.001,4140.351,2250,2250
2021-04-23 00:58:47.135000,4140.767,4140.054,2250,4190
2021-04-23 00:58:47.185000,4140.746,4140.033,2250,2250
2021-04-23 00:59:07.322000,4140.748,4140.345,460,2250
2021-04-23 00:59:07.373000,4141.064,4140.354,2250,2250
2021-04-23 00:59:07.644000,4140.955,4140.245,2250,4190
2021-04-23 00:59:07.694000,4140.946,4140.233,2250,2250
2021-04-23 00:59:07.993000,4140.966,4140.339,460,2250
2021-04-23 00:59:08.043000,4141.052,4140.342,2250,2250
2021-04-23 00:59:08.314000,4140.952,4140.239,2250,4190
2021-04-23 00:59:08.365000,4140.964,4140.236,2250,2250
2021-04-23 00:59:08.912000,4140.96,4140.342,460,2250
2021-04-23 00:59:08.963000,4141.052,4140.354,2250,2250
2021-04-23 00:59:11.429000,4140.761,4140.048,2250,4190
2021-04-23 00:59:11.480000,4140.764,4140.045,2250,2250
2021-04-23 00:59:13.437000,4140.757,4140.339,460,2250
2021-04-23 00:59:13.488000,4141.058,4140.342,2250,2250
2021-04-23 00:59:24.549000,4140.701,4140.054,2250,4190
2021-04-23 00:59:24.599000,4140.752,4140.051,2250,2250
2021-04-23 00:59:27.251000,4140.964,4140.239,2250,2250
2021-04-23 00:59:28.841000,4140.752,4140.036,2250,4190
2021-04-23 00:59:28.891000,4140.752,4140.048,2250,2250
2021-04-23 00:59:30.881000,4141.064,4140.354,2250,2250
2021-04-23 00:59:37.275000,4140.755,4140.033,2250,4190
2021-04-23 00:59:37.326000,4140.764,4140.051,2250,2250
2021-04-23 00:59:41.868000,4140.703,4140.342,460,2250
2021-04-23 00:59:41.918000,4141.052,4140.336,2250,2250
2021-04-23 01:00:00.479000,4140.746,4140.045,2250,4190
2021-04-23 01:00:00.530000,4140.749,4140.033,2250,2250
2021-04-23 01:00:00.637000,4140.766,4140.354,460,2250
2021-04-23 01:00:00.687000,4141.001,4140.399,2250,2250
2021-04-23 01:00:02.935000,4141.003,4140.554,460,2250
2021-04-23 01:00:02.985000,4141.261,4140.599,2250,2250
2021-04-23 01:00:04.782000,4141.049,4140.339,2250,4190
2021-04-23 01:00:04.833000,4141.055,4140.348,2250,2250
2021-04-23 01:00:06.289000,4140.752,4140.039,2250,4190
2021-04-23 01:00:06.339000,4140.761,4140.054,2250,2250
2021-04-23 01:00:10.356000,4140.555,4139.833,2250,4190
2021-04-23 01:00:10.406000,4140.501,4139.848,2250,2250
2021-04-23 01:00:19.323000,4140.551,4140.033,460,2250
2021-04-23 01:00:19.374000,4140.701,4140.033,2250,2250
2021-04-23 01:00:36.309000,4140.567,4139.851,2250,4190
2021-04-23 01:00:36.359000,4140.558,4139.851,2250,2250
2021-04-23 01:00:39.091000,4140.56,4140.036,460,2250
2021-04-23 01:00:39.142000,4140.752,4140.036,2250,2250
2021-04-23 01:00:41.974000,4140.763,4140.351,460,2250
2021-04-23 01:00:42.024000,4141.052,4140.354,2250,2250
2021-04-23 01:00:45.385000,4140.761,4140.051,2250,4190
2021-04-23 01:00:45.435000,4140.761,4140.099,2250,2250
2021-04-23 01:00:45.551000,4140.703,4140.399,460,2250
2021-04-23 01:00:45.601000,4141.064,4140.348,2250,2250
2021-04-23 01:01:00.464000,4140.952,4140.251,2250,4190
2021-04-23 01:01:00.515000,4140.964,4140.254,2250,2250
2021-04-23 01:01:00.956000,4140.767,4140.045,2250,4190
2021-04-23 01:01:01.007000,4140.764,4140.033,2250,2250
2021-04-23 01:01:01.927000,4140.757,4140.351,460,2250
2021-04-23 01:01:01.977000,4141.046,4140.345,2250,2250
2021-04-23 01:01:03.959000,4140.701,4140.033,2250,4190
2021-04-23 01:01:04.009000,4140.752,4140.033,2250,2250
2021-04-23 01:01:11.879000,4140.76,4140.345,460,2250
2021-04-23 01:01:11.929000,4141.049,4140.339,2250,2250
2021-04-23 01:01:34.400000,4140.749,4140.099,2250,4190
2021-04-23 01:01:34.450000,4140.755,4140.048,2250,2250
2021-04-23 01:01:40.687000,4140.701,4140.048,2250,4190
2021-04-23 01:01:40.738000,4141.067,4140.348,2250,2250
2021-04-23 01:02:09.973000,4140.755,4140.048,2250,4190
2021-04-23 01:02:10.023000,4140.764,4140.051,2250,2250
2021-04-23 01:02:18.179000,4141.052,4140.351,2250,2250
2021-04-23 01:02:35.091000,4140.701,4140.054,2250,4190
2021-04-23 01:02:35.141000,4140.752,4140.099,2250,2250
2021-04-23 01:02:43.979000,4140.754,4140.339,460,2250
2021-04-23 01:02:44.029000,4141.049,4140.333,2250,2250
2021-04-23 01:02:50.710000,4141.069,4140.548,460,2250
2021-04-23 01:02:50.761000,4141.249,4140.551,2250,2250
2021-04-23 01:02:53.050000,4141.001,4140.336,2250,4190
2021-04-23 01:02:53.100000,4141.046,4140.342,2250,2250
2021-04-23 01:03:01.748000,4140.969,4140.336,460,2250
2021-04-23 01:03:01.798000,4140.958,4140.299,2250,2250
2021-04-23 01:03:02.224000,4140.961,4140.239,2250,4190
2021-04-23 01:03:02.275000,4141.061,4140.339,2250,2250
2021-04-23 01:03:02.383000,4140.949,4140.236,2250,4190
2021-04-23 01:03:02.433000,4140.964,4140.248,2250,2250
2021-04-23 01:03:02.789000,4140.963,4140.348,460,2250
2021-04-23 01:03:02.840000,4141.046,4140.354,2250,2250
2021-04-23 01:03:12.923000,4140.761,4140.042,2250,4190
2021-04-23 01:03:12.973000,4140.767,4140.039,2250,2250
2021-04-23 01:03:24.902000,4140.555,4139.836,2250,4190
2021-04-23 01:03:24.952000,4140.558,4139.899,2250,2250
2021-04-23 01:03:28.290000,4140.551,4140.099,460,2250
2021-04-23 01:03:28.341000,4140.755,4140.033,2250,2250
2021-04-23 01:03:43.769000,4140.76,4140.333,460,2250
2021-04-23 01:03:43.819000,4141.052,4140.345,2250,2250
2021-04-23 01:03:43.929000,4140.755,4140.042,2250,4190
2021-04-23 01:03:43.979000,4140.752,4140.039,2250,2250
2021-04-23 01:03:44.339000,4140.748,4140.342,460,2250
2021-04-23 01:03:44.390000,4141.052,4140.399,2250,2250
2021-04-23 01:03:47.920000,4140.767,4140.099,2250,4190
2021-04-23 01:03:47.970000,4140.767,4140.045,2250,2250
2021-04-23 01:03:57.921000,4140.546,4139.848,2250,4190
2021-04-23 01:03:57.971000,4140.561,4139.839,2250,2250
2021-04-23 01:04:01.775000,4140.566,4140.036,460,2250
2021-04-23 01:04:01.825000,4140.761,4140.051,2250,2250
2021-04-23 01:04:05.557000,4140.552,4139.851,2250,4190
2021-04-23 01:04:05.607000,4140.501,4139.836,2250,2250
2021-04-23 01:04:07.071000,4140.261,4139.599,2250,4190
2021-04-23 01:04:07.121000,4140.252,4139.542,2250,2250
2021-04-23 01:04:08.551000,4140.061,4139.333,2250,4190
2021-04-23 01:04:08.601000,4140.067,4139.348,2250,2250
2021-04-23 01:04:23.905000,4139.752,4139.036,2250,4190
2021-04-23 01:04:23.955000,4139.746,4139.054,2250,2250
2021-04-23 01:04:37.200000,4139.748,4139.339,460,2250
2021-04-23 01:04:37.251000,4140.001,4139.339,2250,2250
2021-04-23 01:05:00.950000,4140.067,4139.339,2250,4190
2021-04-23 01:05:01.000000,4140.546,4139.851,2250,2250
2021-04-23 01:05:01.824000,4140.761,4140.042,2250,2250
2021-04-23 01:05:04.077000,4140.769,4140.351,460,2250
2021-04-23 01:05:04.127000,4141.064,4140.333,2250,2250
2021-04-23 01:05:09.695000,4141.066,4140.554,460,2250
2021-04-23 01:05:09.745000,4141.264,4140.536,2250,2250
2021-04-23 01:05:15.926000,4141.052,4140.339,2250,4190
2021-04-23 01:05:15.976000,4141.055,4140.339,2250,2250
2021-04-23 01:05:16.766000,4140.964,4140.236,2250,4190
2021-04-23 01:05:16.816000,4140.952,4140.251,2250,2250
2021-04-23 01:05:16.926000,4140.752,4140.033,2250,4190
2021-04-23 01:05:16.977000,4140.752,4140.045,2250,2250
2021-04-23 01:05:17.845000,4140.754,4140.242,460,2250
2021-04-23 01:05:17.895000,4140.961,4140.248,2250,2250
2021-04-23 01:05:18.006000,4140.76,4140.233,460,2250
2021-04-23 01:05:18.056000,4140.755,4140.039,2250,2250
2021-04-23 01:05:23.300000,4140.754,4140.342,460,2250
2021-04-23 01:05:23.351000,4141.064,4140.339,2250,2250
2021-04-23 01:05:30.224000,4140.955,4140.299,2250,2250
2021-04-23 01:05:30.340000,4140.948,4140.348,460,2250
2021-04-23 01:05:30.391000,4141.067,4140.336,2250,2250
2021-04-23 01:05:32.204000,4140.749,4140.042,2250,2250
2021-04-23 01:05:34.514000,4141.046,4140.351,2250,2250
2021-04-23 01:05:35.037000,4140.746,4140.099,2250,4190
2021-04-23 01:05:35.087000,4140.767,4140.042,2250,2250
2021-04-23 01:05:35.191000,4140.76,4140.254,460,2250
2021-04-23 01:05:35.241000,4140.949,4140.245,2250,2250
2021-04-23 01:05:36.494000,4140.749,4140.054,2250,2250
2021-04-23 01:05:39.719000,4140.769,4140.336,460,2250
2021-04-23 01:05:39.769000,4141.049,4140.399,2250,2250
2021-04-23 01:05:50.963000,4141.06,4140.551,460,2250
2021-04-23 01:05:51.013000,4141.255,4140.545,2250,2250
2021-04-23 01:05:52.893000,4141.064,4140.333,2250,4190
2021-04-23 01:05:52.943000,4141.067,4140.399,2250,2250
2021-04-23 01:05:53.403000,4141.06,4140.551,460,2250
2021-04-23 01:05:53.453000,4141.255,4140.539,2250,2250
2021-04-23 01:05:54.147000,4141.057,4140.551,460,2250
2021-04-23 01:05:54.197000,4141.052,4140.351,2250,2250
2021-04-23 01:05:55.256000,4140.749,4140.054,2250,4190
2021-04-23 01:05:55.306000,4140.746,4140.054,2250,2250
2021-04-23 01:06:00.288000,4140.646,4139.954,2250,4190
2021-04-23 01:06:00.338000,4140.652,4139.951,2250,2250
2021-04-23 01:06:00.448000,4140.561,4139.854,2250,4190
2021-04-23 01:06:00.498000,4140.501,4139.899,2250,2250
2021-04-23 01:06:00.810000,4140.548,4140.036,460,2250
2021-04-23 01:06:00.861000,4140.767,4140.051,2250,2250
2021-04-23 01:06:02.129000,4140.561,4139.854,2250,4190
2021-04-23 01:06:02.179000,4140.558,4139.839,2250,2250
2021-04-23 01:06:20.337000,4140.446,4139.745,2250,4190
2021-04-23 01:06:20.387000,4140.464,4139.751,2250,2250
2021-04-23 01:06:21.077000,4140.564,4139.833,2250,2250
2021-04-23 01:06:22.613000,4140.467,4139.754,2250,4190
2021-04-23 01:06:22.664000,4140.452,4139.739,2250,2250
2021-04-23 01:06:22.937000,4140.457,4139.842,460,2250
2021-04-23 01:06:22.987000,4140.567,4139.854,2250,2250
2021-04-23 01:06:37.030000,4140.461,4139.742,2250,4190
2021-04-23 01:06:37.080000,4140.446,4139.742,2250,2250
2021-04-23 01:06:38.111000,4140.466,4139.842,460,2250
2021-04-23 01:06:38.161000,4140.555,4139.836,2250,2250
2021-04-23 01:06:45.417000,4140.252,4139.551,2250,2250
2021-04-23 01:06:53.533000,4140.269,4139.851,460,2250
2021-04-23 01:06:53.583000,4140.564,4139.845,2250,2250
2021-04-23 01:06:54.783000,4140.267,4139.554,2250,4190
2021-04-23 01:06:54.834000,4140.255,4139.545,2250,2250
2021-04-23 01:06:55.144000,4140.263,4139.748,460,2250
2021-04-23 01:06:55.194000,4140.458,4139.754,2250,2250
2021-04-23 01:06:55.601000,4140.403,4139.899,460,2250
2021-04-23 01:06:55.651000,4140.561,4139.839,2250,2250
2021-04-23 01:06:56.559000,4140.461,4139.739,2250,4190
2021-04-23 01:06:56.610000,4140.455,4139.739,2250,2250
2021-04-23 01:06:56.727000,4140.264,4139.536,2250,2250
2021-04-23 01:07:03.663000,4140.146,4139.445,2250,4190
2021-04-23 01:07:03.713000,4140.161,4139.499,2250,2250
2021-04-23 01:07:03.994000,4140.252,4139.539,2250,2250
2021-04-23 01:07:09.601000,4140.564,4139.845,2250,2250
2021-04-23 01:07:14.006000,4140.563,4140.051,460,2250
2021-04-23 01:07:14.057000,4140.755,4140.045,2250,2250
2021-04-23 01:07:28.560000,4140.546,4139.899,2250,4190
2021-04-23 01:07:28.611000,4140.552,4139.854,2250,2250
2021-04-23 01:07:31.843000,4140.557,4139.951,460,2250
2021-04-23 01:07:31.894000,4140.667,4139.936,2250,2250
2021-04-23 01:07:32.839000,4140.648,4140.036,460,2250
2021-04-23 01:07:32.889000,4140.755,4140.054,2250,2250
2021-04-23 01:07:37.065000,4140.561,4139.833,2250,4190
2021-04-23 01:07:37.116000,4140.546,4139.836,2250,2250
2021-04-23 01:07:37.696000,4140.503,4140.051,460,2250
2021-04-23 01:07:37.747000,4140.767,4140.039,2250,2250
2021-04-23 01:07:39.336000,4140.652,4139.954,2250,2250
2021-04-23 01:07:39.501000,4140.564,4139.839,2250,4190
2021-04-23 01:07:39.552000,4140.549,4139.833,2250,2250
2021-04-23 01:07:39.667000,4140.664,4139.951,2250,2250
2021-04-23 01:07:40.559000,4140.651,4140.048,460,2250
2021-04-23 01:07:40.610000,4140.755,4140.045,2250,2250
2021-04-23 01:07:53.060000,4140.567,4139.845,2250,4190
2021-04-23 01:07:53.110000,4140.552,4139.854,2250,2250
2021-04-23 01:07:53.218000,4140.557,4140.045,460,2250
2021-04-23 01:07:53.268000,4140.767,4140.042,2250,2250
2021-04-23 01:08:00.169000,4140.546,4139.842,2250,4190
2021-04-23 01:08:00.220000,4140.561,4139.836,2250,2250
2021-04-23 01:08:00.702000,4140.566,4139.936,460,2250
2021-04-23 01:08:00.753000,4140.649,4139.954,2250,2250
2021-04-23 01:08:02.444000,4140.752,4140.033,2250,2250
2021-04-23 01:08:07.165000,4140.646,4139.954,2250,4190
2021-04-23 01:08:07.216000,4140.601,4139.945,2250,2250
2021-04-23 01:08:07.435000,4140.555,4139.899,2250,4190
2021-04-23 01:08:07.485000,4140.501,4139.899,2250,2250
2021-04-23 01:08:59.934000,4140.649,4139.951,2250,2250
2021-04-23 01:09:00.060000,4140.555,4139.848,2250,4190
2021-04-23 01:09:00.110000,4140.564,4139.854,2250,2250
2021-04-23 01:09:02.379000,4140.554,4140.048,460,2250
2021-04-23 01:09:02.542000,4140.752,4140.045,2250,2250
2021-04-23 01:10:06.708000,4140.703,4140.336,460,2250
2021-04-23 01:10:06.758000,4141.058,4140.348,2250,2250
2021-04-23 01:10:50.909000,4141.003,4140.545,460,2250
2021-04-23 01:10:50.959000,4141.267,4140.536,2250,2250
2021-04-23 01:11:12.329000,4141.064,4140.345,2250,4190
2021-04-23 01:11:12.379000,4141.001,4140.354,2250,2250
2021-04-23 01:11:12.483000,4141.051,4140.599,460,2250
2021-04-23 01:11:12.534000,4141.261,4140.545,2250,2250
2021-04-23 01:11:20.627000,4141.266,4140.839,460,2250
2021-04-23 01:11:20.677000,4141.546,4140.899,2250,2250
2021-04-23 01:11:37.281000,4141.255,4140.554,2250,4190
2021-04-23 01:11:37.331000,4141.258,4140.554,2250,2250
2021-04-23 01:11:39.881000,4141.061,4140.336,2250,4190
2021-04-23 01:11:39.931000,4141.049,4140.345,2250,2250
2021-04-23 01:11:40.523000,4141.06,4140.539,460,2250
2021-04-23 01:11:40.573000,4141.258,4140.551,2250,2250
2021-04-23 01:11:41.281000,4141.161,4140.448,2250,4190
2021-04-23 01:11:41.332000,4141.167,4140.448,2250,2250
2021-04-23 01:11:41.486000,4141.264,4140.545,2250,2250
2021-04-23 01:11:41.817000,4141.046,4140.333,2250,2250
2021-04-23 01:12:05.093000,4141.066,4140.599,460,2250
2021-04-23 01:12:05.143000,4141.201,4140.539,2250,2250
2021-04-23 01:12:31.538000,4141.203,4140.833,460,2250
2021-04-23 01:12:31.589000,4141.549,4140.845,2250,2250
2021-04-23 01:12:45.905000,4141.249,4140.545,2250,2250
2021-04-23 01:12:48.294000,4141.266,4140.733,460,2250
2021-04-23 01:12:48.345000,4141.446,4140.745,2250,2250
2021-04-23 01:12:48.454000,4141.469,4140.848,460,2250
2021-04-23 01:12:48.504000,4141.561,4140.848,2250,2250
2021-04-23 01:12:48.777000,4141.255,4140.551,2250,4190
2021-04-23 01:12:48.827000,4141.255,4140.599,2250,2250
2021-04-23 01:12:57.725000,4141.248,4140.842,460,2250
2021-04-23 01:12:57.776000,4141.552,4140.842,2250,2250
2021-04-23 01:13:13.515000,4141.563,4141.099,460,2250
2021-04-23 01:13:13.566000,4141.758,4141.045,2250,2250
2021-04-23 01:13:29.960000,4141.703,4141.239,460,2250
2021-04-23 01:13:30.010000,4141.961,4141.233,2250,2250
2021-04-23 01:13:30.121000,4141.951,4141.399,460,2250
2021-04-23 01:13:30.171000,4142.001,4141.351,2250,2250
2021-04-23 01:13:37.346000,4141.752,4141.036,2250,4190
2021-04-23 01:13:37.397000,4141.701,4141.099,2250,2250
2021-04-23 01:13:37.667000,4141.754,4141.351,460,2250
2021-04-23 01:13:37.717000,4142.049,4141.399,2250,2250
2021-04-23 01:13:41.148000,4142.258,4141.554,2250,2250
2021-04-23 01:13:41.274000,4142.052,4141.333,2250,4190
2021-04-23 01:13:41.324000,4142.064,4141.399,2250,2250
2021-04-23 01:13:41.753000,4142.066,4141.548,460,2250
2021-04-23 01:13:41.803000,4142.252,4141.536,2250,2250
2021-04-23 01:13:51.857000,4142.001,4141.354,2250,4190
2021-04-23 01:13:51.908000,4142.049,4141.348,2250,2250
2021-04-23 01:13:54.686000,4142.201,4141.551,2250,2250
2021-04-23 01:13:54.811000,4142.064,4141.348,2250,4190
2021-04-23 01:13:54.862000,4142.055,4141.351,2250,2250
2021-04-23 01:13:55.208000,4142.069,4141.442,460,2250
2021-04-23 01:13:55.258000,4142.155,4141.445,2250,2250
2021-04-23 01:13:55.369000,4142.058,4141.339,2250,4190
2021-04-23 01:13:55.419000,4142.055,4141.336,2250,2250
2021-04-23 01:13:55.530000,4142.051,4141.533,460,2250
2021-04-23 01:13:55.580000,4142.267,4141.539,2250,2250
2021-04-23 01:13:55.688000,4142.101,4141.439,2250,4190
2021-04-23 01:13:55.739000,4142.152,4141.454,2250,2250
2021-04-23 01:13:56.009000,4142.052,4141.351,2250,4190
2021-04-23 01:13:56.060000,4142.046,4141.339,2250,2250
2021-04-23 01:13:59.181000,4142.054,4141.599,460,2250
2021-04-23 01:13:59.232000,4142.249,4141.539,2250,2250
2021-04-23 01:14:01.894000,4142.251,4141.836,460,2250
2021-04-23 01:14:01.944000,4142.549,4141.833,2250,2250
2021-04-23 01:14:03.875000,4142.261,4141.599,2250,4190
2021-04-23 01:14:03.925000,4142.249,4141.533,2250,2250
2021-04-23 01:14:20.986000,4142.055,4141.333,2250,4190
2021-04-23 01:14:21.037000,4142.046,4141.348,2250,2250
2021-04-23 01:14:22.640000,4141.701,4141.051,2250,4190
2021-04-23 01:14:22.690000,4141.755,4141.039,2250,2250
2021-04-23 01:14:26.161000,4141.763,4141.399,460,2250
2021-04-23 01:14:26.212000,4142.052,4141.333,2250,2250
2021-04-23 01:14:32.231000,4141.746,4141.042,2250,4190
2021-04-23 01:14:32.282000,4141.749,4141.099,2250,2250
2021-04-23 01:14:33.222000,4141.766,4141.236,460,2250
2021-04-23 01:14:33.273000,4141.964,4141.251,2250,2250
2021-04-23 01:14:33.643000,4141.755,4141.042,2250,2250
2021-04-23 01:14:33.911000,4142.055,4141.336,2250,2250
2021-04-23 01:14:35.194000,4141.701,4141.039,2250,4190
2021-04-23 01:14:35.244000,4141.755,4141.036,2250,2250
2021-04-23 01:14:35.511000,4141.757,4141.248,460,2250
2021-04-23 01:14:35.561000,4141.961,4141.242,2250,2250
2021-04-23 01:14:35.740000,4141.752,4141.048,2250,4190
2021-04-23 01:14:35.793000,4141.764,4141.045,2250,2250
2021-04-23 01:14:44.058000,4141.564,4140.836,2250,4190
2021-04-23 01:14:44.108000,4141.564,4140.851,2250,2250
2021-04-23 01:14:45.531000,4141.755,4141.039,2250,2250
2021-04-23 01:15:00.718000,4142.052,4141.339,2250,2250
2021-04-23 01:15:02.473000,4142.051,4141.545,460,2250
2021-04-23 01:15:02.524000,4142.264,4141.533,2250,2250
2021-04-23 01:15:02.796000,4142.067,4141.351,2250,4190
2021-04-23 01:15:02.846000,4142.061,4141.351,2250,2250
2021-04-23 01:15:04.544000,4142.054,4141.854,460,2250
2021-04-23 01:15:04.594000,4142.501,4141.836,2250,2250
2021-04-23 01:15:05.994000,4142.566,4142.045,460,2250
2021-04-23 01:15:06.045000,4142.767,4142.099,2250,2250
2021-04-23 01:15:06.634000,4142.501,4141.845,2250,4190
2021-04-23 01:15:06.685000,4142.558,4141.839,2250,2250
2021-04-23 01:15:06.796000,4142.563,4142.036,460,2250
2021-04-23 01:15:06.847000,4142.764,4142.048,2250,2250
2021-04-23 01:15:11.121000,4142.561,4141.833,2250,4190
2021-04-23 01:15:11.171000,4142.546,4141.836,2250,2250
2021-04-23 01:15:11.280000,4142.601,4141.948,2250,2250
2021-04-23 01:15:11.450000,4142.654,4142.099,460,2250
2021-04-23 01:15:11.500000,4142.755,4142.042,2250,2250
2021-04-23 01:15:12.615000,4142.655,4141.948,2250,4190
2021-04-23 01:15:12.665000,4142.655,4141.999,2250,2250
2021-04-23 01:15:12.776000,4142.657,4142.051,460,2250
2021-04-23 01:15:12.826000,4142.746,4142.039,2250,2250
2021-04-23 01:15:12.935000,4142.558,4141.854,2250,4190
2021-04-23 01:15:12.985000,4142.561,4141.851,2250,2250
2021-04-23 01:15:13.576000,4142.548,4142.033,460,2250
2021-04-23 01:15:13.626000,4142.761,4142.045,2250,2250
2021-04-23 01:15:17.759000,4142.649,4141.933,2250,4190
2021-04-23 01:15:17.809000,4142.661,4141.948,2250,2250
2021-04-23 01:15:17.948000,4142.555,4141.839,2250,4190
2021-04-23 01:15:17.999000,4142.549,4141.833,2250,2250
2021-04-23 01:15:18.789000,4142.548,4142.036,460,2250
2021-04-23 01:15:18.839000,4142.764,4142.054,2250,2250
2021-04-23 01:15:18.993000,4142.552,4141.833,2250,2250
2021-04-23 01:15:19.667000,4142.246,4141.551,2250,4190
2021-04-23 01:15:19.718000,4142.258,4141.554,2250,2250
2021-04-23 01:15:20.342000,4142.251,4141.839,460,2250
2021-04-23 01:15:20.393000,4142.567,4141.845,2250,2250
2021-04-23 01:15:20.501000,4142.255,4141.599,2250,4190
2021-04-23 01:15:20.552000,4142.267,4141.554,2250,2250
2021-04-23 01:15:20.982000,4142.263,4141.842,460,2250
2021-04-23 01:15:21.032000,4142.546,4141.845,2250,2250
2021-04-23 01:15:22.954000,4142.701,4142.099,2250,2250
2021-04-23 01:15:23.115000,4142.546,4141.851,2250,4190
2021-04-23 01:15:23.165000,4142.555,4141.845,2250,2250
2021-04-23 01:15:44.469000,4142.267,4141.554,2250,4190
2021-04-23 01:15:44.519000,4142.264,4141.599,2250,2250
2021-04-23 01:15:54.977000,4142.046,4141.351,2250,2250
2021-04-23 01:15:57.353000,4142.063,4141.448,460,2250
2021-04-23 01:15:57.403000,4142.164,4141.445,2250,2250
2021-04-23 01:15:57.514000,4142.001,4141.336,2250,4190
2021-04-23 01:15:57.564000,4142.001,4141.348,2250,2250
2021-04-23 01:16:01.814000,4142.06,4141.545,460,2250
2021-04-23 01:16:01.864000,4142.246,4141.554,2250,2250
2021-04-23 01:16:07.763000,4142.251,4141.839,460,2250
2021-04-23 01:16:07.813000,4142.558,4141.842,2250,2250
2021-04-23 01:16:18.322000,4142.458,4141.733,2250,4190
2021-04-23 01:16:18.372000,4142.449,4141.742,2250,2250
2021-04-23 01:16:18.486000,4142.403,4141.833,460,2250
2021-04-23 01:16:18.536000,4142.558,4141.836,2250,2250
2021-04-23 01:16:18.805000,4142.264,4141.554,2250,4190
2021-04-23 01:16:18.856000,4142.246,4141.551,2250,2250
2021-04-23 01:16:20.868000,4142.061,4141.399,2250,4190
2021-04-23 01:16:20.919000,4142.001,4141.342,2250,2250
2021-04-23 01:16:21.057000,4142.264,4141.551,2250,2250
2021-04-23 01:16:22.922000,4142.155,4141.499,2250,4190
2021-04-23 01:16:22.972000,4142.146,4141.433,2250,2250
2021-04-23 01:16:23.314000,4142.103,4141.542,460,2250
2021-04-23 01:16:23.364000,4142.264,4141.545,2250,2250
2021-04-23 01:16:23.475000,4142.048,4141.551,460,2250
2021-04-23 01:16:23.525000,4142.067,4141.399,2250,2250
2021-04-23 01:16:23.838000,4142.057,4141.454,460,2250
2021-04-23 01:16:23.888000,4142.164,4141.448,2250,2250
2021-04-23 01:16:24.565000,4142.064,4141.345,2250,4190
2021-04-23 01:16:24.616000,4142.067,4141.351,2250,2250
2021-04-23 01:16:24.828000,4142.052,4141.351,2250,4190
2021-04-23 01:16:24.878000,4142.267,4141.539,2250,2250
2021-04-23 01:16:26.181000,4142.067,4141.348,2250,4190
2021-04-23 01:16:26.232000,4142.067,4141.345,2250,2250
2021-04-23 01:16:26.351000,4142.057,4141.536,460,2250
2021-04-23 01:16:26.402000,4142.261,4141.599,2250,2250
2021-04-23 01:16:29.968000,4142.064,4141.348,2250,2250
2021-04-23 01:16:38.147000,4141.748,4141.348,460,2250
2021-04-23 01:16:38.197000,4141.749,4141.045,2250,2250
2021-04-23 01:16:43.228000,4141.76,4141.342,460,2250
2021-04-23 01:16:43.278000,4142.049,4141.354,2250,2250
2021-04-23 01:16:43.546000,4141.761,4141.042,2250,4190
2021-04-23 01:16:43.597000,4141.767,4141.042,2250,2250
2021-04-23 01:17:03.854000,4141.703,4141.342,460,2250
2021-04-23 01:17:03.905000,4142.067,4141.336,2250,2250
2021-04-23 01:17:11.233000,4142.255,4141.542,2250,2250
2021-04-23 01:17:19.344000,4142.055,4141.339,2250,4190
2021-04-23 01:17:19.394000,4142.055,4141.348,2250,2250
2021-04-23 01:17:20.332000,4142.06,4141.545,460,2250
2021-04-23 01:17:20.382000,4142.255,4141.536,2250,2250
2021-04-23 01:17:26.288000,4142.003,4141.548,460,2250
2021-04-23 01:17:26.338000,4142.001,4141.336,2250,2250
2021-04-23 01:17:35.119000,4141.749,4141.051,2250,4190
2021-04-23 01:17:35.169000,4141.764,4141.051,2250,2250
2021-04-23 01:17:43.813000,4141.546,4140.851,2250,4190
2021-04-23 01:17:43.863000,4141.561,4140.842,2250,2250
2021-04-23 01:17:44.944000,4141.557,4141.033,460,2250
2021-04-23 01:17:44.994000,4141.755,4141.054,2250,2250
2021-04-23 01:17:47.026000,4141.564,4140.854,2250,4190
2021-04-23 01:17:47.076000,4141.552,4140.845,2250,2250
2021-04-23 01:17:48.810000,4141.56,4141.045,460,2250
2021-04-23 01:17:48.861000,4141.752,4141.048,2250,2250
2021-04-23 01:17:50.875000,4141.501,4140.845,2250,4190
2021-04-23 01:17:50.925000,4141.549,4140.833,2250,2250
2021-04-23 01:17:52.168000,4141.661,4140.954,2250,2250
2021-04-23 01:17:52.668000,4141.657,4141.036,460,2250
2021-04-23 01:17:52.718000,4141.764,4141.054,2250,2250
2021-04-23 01:17:55.223000,4141.601,4140.948,2250,4190
2021-04-23 01:17:55.273000,4141.646,4140.939,2250,2250
2021-04-23 01:17:56.539000,4141.603,4141.048,460,2250
2021-04-23 01:17:56.589000,4141.761,4141.033,2250,2250
2021-04-23 01:18:09.663000,4141.646,4140.933,2250,2250
2021-04-23 01:18:09.797000,4141.652,4140.945,2250,4190
2021-04-23 01:18:09.848000,4141.761,4141.036,2250,2250
2021-04-23 01:18:14.648000,4141.564,4140.836,2250,2250
2021-04-23 01:18:31.881000,4141.701,4141.054,2250,2250
2021-04-23 01:18:33.211000,4141.501,4140.899,2250,4190
2021-04-23 01:18:33.262000,4141.552,4140.899,2250,2250
2021-04-23 01:18:34.521000,4141.755,4141.051,2250,2250
2021-04-23 01:18:43.237000,4141.76,4141.345,460,2250
2021-04-23 01:18:43.288000,4142.046,4141.336,2250,2250
2021-04-23 01:18:43.558000,4141.701,4141.033,2250,4190
2021-04-23 01:18:43.608000,4141.701,4141.033,2250,2250
2021-04-23 01:18:45.412000,4141.949,4141.236,2250,2250
2021-04-23 01:18:45.547000,4141.957,4141.342,460,2250
2021-04-23 01:18:45.597000,4142.061,4141.399,2250,2250
2021-04-23 01:18:46.545000,4141.901,4141.239,2250,4190
2021-04-23 01:18:46.596000,4141.949,4141.233,2250,2250
2021-04-23 01:18:48.053000,4141.761,4141.099,2250,2250
2021-04-23 01:18:48.184000,4141.754,4141.236,460,2250
2021-04-23 01:18:48.234000,4141.949,4141.248,2250,2250
2021-04-23 01:18:48.495000,4141.701,4141.042,2250,4190
2021-04-23 01:18:48.545000,4141.752,4141.045,2250,2250
2021-04-23 01:18:52.263000,4141.751,4141.351,460,2250
2021-04-23 01:18:52.314000,4142.052,4141.342,2250,2250
2021-04-23 01:18:54.817000,4142.069,4141.599,460,2250
2021-04-23 01:18:54.867000,4142.249,4141.551,2250,2250
2021-04-23 01:18:58.417000,4142.046,4141.342,2250,4190
2021-04-23 01:18:58.467000,4142.001,4141.342,2250,2250
2021-04-23 01:18:58.579000,4142.048,4141.454,460,2250
2021-04-23 01:18:58.629000,4142.164,4141.448,2250,2250
2021-04-23 01:18:58.963000,4142.103,4141.536,460,2250
2021-04-23 01:18:59.013000,4142.264,4141.545,2250,2250
2021-04-23 01:19:08.058000,4142.152,4141.442,2250,4190
2021-04-23 01:19:08.108000,4142.164,4141.448,2250,2250
2021-04-23 01:19:08.218000,4142.154,4141.554,460,2250
2021-04-23 01:19:08.269000,4142.201,4141.554,2250,2250
2021-04-23 01:19:09.478000,4142.164,4141.451,2250,4190
2021-04-23 01:19:09.529000,4142.152,4141.433,2250,2250
2021-04-23 01:19:09.632000,4142.157,4141.599,460,2250
2021-04-23 01:19:09.682000,4142.252,4141.554,2250,2250
2021-04-23 01:19:09.957000,4142.158,4141.442,2250,2250
2021-04-23 01:19:10.985000,4142.151,4141.542,460,2250
2021-04-23 01:19:11.035000,4142.261,4141.536,2250,2250
2021-04-23 01:19:41.475000,4142.167,4141.433,2250,4190
2021-04-23 01:19:41.525000,4142.167,4141.436,2250,2250
2021-04-23 01:19:41.647000,4142.049,4141.342,2250,4190
2021-04-23 01:19:41.698000,4142.049,4141.348,2250,2250
2021-04-23 01:19:42.638000,4142.101,4141.448,2250,2250
2021-04-23 01:19:43.129000,4142.169,4141.533,460,2250
2021-04-23 01:19:43.209000,4142.252,4141.545,2250,2250
2021-04-23 01:19:45.426000,4142.158,4141.436,2250,4190
2021-04-23 01:19:45.477000,4142.101,4141.445,2250,2250
2021-04-23 01:19:48.174000,4142.249,4141.551,2250,2250
2021-04-23 01:20:00.233000,4142.164,4141.448,2250,4190
2021-04-23 01:20:00.283000,4142.101,4141.442,2250,2250
2021-04-23 01:20:00.961000,4142.058,4141.345,2250,4190
2021-04-23 01:20:01.012000,4142.058,4141.336,2250,2250
2021-04-23 01:20:06.141000,4141.746,4141.045,2250,4190
2021-04-23 01:20:06.192000,4141.764,4141.051,2250,2250
2021-04-23 01:20:13.700000,4142.001,4141.354,2250,2250
2021-04-23 01:20:15.123000,4141.758,4141.099,2250,4190
2021-04-23 01:20:15.174000,4141.749,4141.051,2250,2250
2021-04-23 01:20:15.682000,4141.901,4141.254,2250,2250
2021-04-23 01:20:15.825000,4141.954,4141.351,460,2250
2021-04-23 01:20:15.875000,4142.058,4141.348,2250,2250
2021-04-23 01:20:16.893000,4141.967,4141.254,2250,4190
2021-04-23 01:20:16.943000,4141.964,4141.239,2250,2250
2021-04-23 01:20:17.051000,4141.963,4141.342,460,2250
2021-04-23 01:20:17.102000,4142.061,4141.351,2250,2250
2021-04-23 01:20:20.216000,4141.755,4141.033,2250,4190
2021-04-23 01:20:20.266000,4141.752,4141.054,2250,2250
2021-04-23 01:20:20.874000,4141.751,4141.299,460,2250
2021-04-23 01:20:20.924000,4141.967,4141.248,2250,2250
2021-04-23 01:20:21.516000,4141.701,4141.033,2250,4190
2021-04-23 01:20:21.567000,4141.746,4141.054,2250,2250
2021-04-23 01:20:22.284000,4141.967,4141.248,2250,2250
2021-04-23 01:20:23.377000,4141.752,4141.036,2250,4190
2021-04-23 01:20:23.428000,4141.761,4141.036,2250,2250
2021-04-23 01:20:28.033000,4141.766,4141.245,460,2250
2021-04-23 01:20:28.083000,4141.964,4141.251,2250,2250
2021-04-23 01:20:29.313000,4141.957,4141.399,460,2250
2021-04-23 01:20:29.363000,4142.055,4141.336,2250,2250
2021-04-23 01:20:29.472000,4141.958,4141.251,2250,4190
2021-04-23 01:20:29.523000,4141.949,4141.299,2250,2250
2021-04-23 01:20:29.793000,4141.96,4141.333,460,2250
2021-04-23 01:20:29.843000,4142.052,4141.351,2250,2250
2021-04-23 01:20:38.032000,4141.746,4141.039,2250,4190
2021-04-23 01:20:38.082000,4141.755,4141.099,2250,2250
2021-04-23 01:20:40.877000,4141.748,4141.333,460,2250
2021-04-23 01:20:40.927000,4142.058,4141.354,2250,2250
2021-04-23 01:20:55.236000,4142.063,4141.433,460,2250
2021-04-23 01:20:55.287000,4142.146,4141.439,2250,2250
2021-04-23 01:20:55.625000,4142.046,4141.354,2250,2250
2021-04-23 01:20:56.240000,4142.051,4141.433,460,2250
2021-04-23 01:20:56.290000,4142.149,4141.436,2250,2250
2021-04-23 01:20:57.306000,4142.267,4141.599,2250,2250
2021-04-23 01:20:57.422000,4142.049,4141.351,2250,4190
2021-04-23 01:20:57.472000,4142.067,4141.351,2250,2250
2021-04-23 01:21:02.719000,4142.051,4141.542,460,2250
2021-04-23 01:21:02.770000,4142.252,4141.548,2250,2250
2021-04-23 01:21:04.308000,4142.146,4141.451,2250,4190
2021-04-23 01:21:04.358000,4142.158,4141.448,2250,2250
2021-04-23 01:21:04.467000,4142.169,4141.599,460,2250
2021-04-23 01:21:04.517000,4142.201,4141.551,2250,2250
2021-04-23 01:21:07.869000,4142.101,4141.448,2250,2250
2021-04-23 01:21:08.239000,4142.148,4141.599,460,2250
2021-04-23 01:21:08.289000,4142.201,4141.548,2250,2250
2021-04-23 01:21:13.211000,4142.257,4141.745,460,2250
2021-04-23 01:21:13.261000,4142.446,4141.745,2250,2250
2021-04-23 01:21:15.602000,4142.46,4141.899,460,2250
2021-04-23 01:21:15.652000,4142.549,4141.854,2250,2250
2021-04-23 01:21:26.227000,4142.258,4141.539,2250,4190
2021-04-23 01:21:26.277000,4142.252,4141.545,2250,2250
2021-04-23 01:21:42.013000,4142.158,4141.433,2250,4190
2021-04-23 01:21:42.063000,4142.149,4141.433,2250,2250
2021-04-23 01:21:42.172000,4142.16,4141.533,460,2250
2021-04-23 01:21:42.223000,4142.249,4141.533,2250,2250
2021-04-23 01:21:43.101000,4142.058,4141.339,2250,4190
2021-04-23 01:21:43.151000,4142.001,4141.342,2250,2250
2021-04-23 01:21:53.332000,4142.063,4141.551,460,2250
2021-04-23 01:21:53.382000,4142.255,4141.539,2250,2250
2021-04-23 01:21:59.679000,4142.161,4141.433,2250,4190
2021-04-23 01:21:59.730000,4142.167,4141.439,2250,2250
2021-04-23 01:22:00.420000,4142.061,4141.354,2250,4190
2021-04-23 01:22:00.471000,4142.058,4141.336,2250,2250
2021-04-23 01:22:04.126000,4142.167,4141.436,2250,2250
2021-04-23 01:22:04.831000,4142.154,4141.536,460,2250
2021-04-23 01:22:04.881000,4142.261,4141.542,2250,2250
2021-04-23 01:22:06.457000,4142.161,4141.439,2250,4190
2021-04-23 01:22:06.507000,4142.152,4141.448,2250,2250
2021-04-23 01:22:07.759000,4142.058,4141.345,2250,4190
2021-04-23 01:22:07.809000,4142.055,4141.333,2250,2250
2021-04-23 01:22:11.438000,4141.767,4141.039,2250,4190
2021-04-23 01:22:11.488000,4141.749,4141.099,2250,2250
2021-04-23 01:22:13.869000,4141.766,4141.339,460,2250
2021-04-23 01:22:13.920000,4142.064,4141.339,2250,2250
2021-04-23 01:22:23.162000,4142.051,4141.542,460,2250
2021-04-23 01:22:23.213000,4142.267,4141.545,2250,2250
2021-04-23 01:22:41.091000,4142.464,4141.733,2250,2250
2021-04-23 01:22:41.646000,4142.258,4141.554,2250,4190
2021-04-23 01:22:41.696000,4142.252,4141.599,2250,2250
2021-04-23 01:22:43.233000,4142.254,4141.736,460,2250
2021-04-23 01:22:43.284000,4142.455,4141.748,2250,2250
2021-04-23 01:22:43.401000,4142.552,4141.848,2250,2250
2021-04-23 01:22:45.419000,4142.261,4141.533,2250,4190
2021-04-23 01:22:45.469000,4142.258,4141.542,2250,2250
2021-04-23 01:22:56.995000,4142.269,4141.736,460,2250
2021-04-23 01:22:57.046000,4142.455,4141.736,2250,2250
2021-04-23 01:22:57.155000,4142.454,4141.854,460,2250
2021-04-23 01:22:57.206000,4142.561,4141.839,2250,2250
2021-04-23 01:23:03.030000,4142.548,4142.045,460,2250
2021-04-23 01:23:03.080000,4142.701,4142.099,2250,2250
2021-04-23 01:23:04.199000,4142.501,4141.842,2250,2250
2021-04-23 01:23:05.115000,4142.548,4141.999,460,2250
2021-04-23 01:23:05.166000,4142.652,4141.939,2250,2250
2021-04-23 01:23:05.291000,4142.561,4141.842,2250,4190
2021-04-23 01:23:05.341000,4142.501,4141.851,2250,2250
2021-04-23 01:23:13.503000,4142.551,4141.945,460,2250
2021-04-23 01:23:13.554000,4142.655,4141.951,2250,2250
2021-04-23 01:23:14.394000,4142.564,4141.842,2250,4190
2021-04-23 01:23:14.444000,4142.549,4141.851,2250,2250
2021-04-23 01:23:49.970000,4142.566,4142.099,460,2250
2021-04-23 01:23:50.020000,4142.761,4142.051,2250,2250
2021-04-23 01:23:56.071000,4142.561,4141.854,2250,4190
2021-04-23 01:23:56.121000,4142.567,4141.845,2250,2250
2021-04-23 01:24:30.232000,4142.258,4141.533,2250,4190
2021-04-23 01:24:30.282000,4142.261,4141.539,2250,2250
2021-04-23 01:24:58.468000,4142.251,4141.751,460,2250
2021-04-23 01:24:58.518000,4142.401,4141.745,2250,2250
2021-04-23 01:24:58.629000,4142.446,4141.799,2250,4190
2021-04-23 01:24:58.680000,4142.567,4141.854,2250,2250
2021-04-23 01:25:35.729000,4142.255,4141.548,2250,2250
2021-04-23 01:25:43.104000,4142.266,4141.899,460,2250
2021-04-23 01:25:43.155000,4142.561,4141.836,2250,2250
2021-04-23 01:25:56.751000,4142.264,4141.554,2250,4190
2021-04-23 01:25:56.802000,4142.258,4141.554,2250,2250
2021-04-23 01:25:58.993000,4142.248,4141.751,460,2250
2021-04-23 01:25:59.043000,4142.461,4141.733,2250,2250
2021-04-23 01:26:00.535000,4142.469,4141.833,460,2250
2021-04-23 01:26:00.585000,4142.564,4141.848,2250,2250
2021-04-23 01:26:05.309000,4142.246,4141.554,2250,4190
2021-04-23 01:26:05.359000,4142.249,4141.548,2250,2250
2021-04-23 01:26:32.078000,4142.061,4141.348,2250,4190
2021-04-23 01:26:32.128000,4142.055,4141.345,2250,2250
2021-04-23 01:26:49.469000,4141.946,4141.236,2250,4190
2021-04-23 01:26:49.519000,4141.967,4141.242,2250,2250
2021-04-23 01:26:49.783000,4141.767,4141.036,2250,4190
2021-04-23 01:26:49.833000,4141.755,4141.051,2250,2250
2021-04-23 01:26:50.893000,4141.748,4141.254,460,2250
2021-04-23 01:26:50.943000,4141.961,4141.242,2250,2250
2021-04-23 01:26:52.265000,4141.767,4141.045,2250,2250
2021-04-23 01:27:27.751000,4141.555,4140.842,2250,4190
2021-04-23 01:27:27.801000,4141.549,4140.854,2250,2250
2021-04-23 01:27:47.732000,4141.764,4141.033,2250,2250
2021-04-23 01:28:02.861000,4141.564,4140.845,2250,4190
2021-04-23 01:28:02.911000,4141.501,4140.836,2250,2250
2021-04-23 01:28:07.467000,4141.548,4140.954,460,2250
2021-04-23 01:28:07.517000,4141.655,4140.936,2250,2250
2021-04-23 01:28:07.626000,4141.666,4141.048,460,2250
2021-04-23 01:28:07.676000,4141.758,4141.033,2250,2250
2021-04-23 01:28:56.789000,4141.552,4140.836,2250,4190
2021-04-23 01:28:56.839000,4141.501,4140.833,2250,2250
2021-04-23 01:29:00.335000,4141.503,4140.936,460,2250
2021-04-23 01:29:00.385000,4141.661,4140.942,2250,2250
2021-04-23 01:29:00.493000,4141.651,4141.048,460,2250
2021-04-23 01:29:00.544000,4141.755,4141.033,2250,2250
2021-04-23 01:29:03.116000,4141.658,4140.933,2250,2250
2021-04-23 01:29:03.274000,4141.501,4140.833,2250,4190
2021-04-23 01:29:03.324000,4141.558,4140.839,2250,2250
2021-04-23 01:29:07.178000,4141.569,4141.039,460,2250
2021-04-23 01:29:07.229000,4141.746,4141.039,2250,2250
2021-04-23 01:29:07.774000,4141.601,4140.945,2250,4190
2021-04-23 01:29:07.825000,4141.658,4140.951,2250,2250
2021-04-23 01:29:07.936000,4141.66,4141.048,460,2250
2021-04-23 01:29:07.987000,4141.764,4141.039,2250,2250
2021-04-23 01:29:08.095000,4141.655,4140.939,2250,4190
2021-04-23 01:29:08.145000,4141.601,4140.954,2250,2250
2021-04-23 01:29:08.754000,4141.66,4141.048,460,2250
2021-04-23 01:29:08.804000,4141.761,4141.051,2250,2250
2021-04-23 01:29:31.200000,4141.546,4140.842,2250,4190
2021-04-23 01:29:31.251000,4141.552,4140.839,2250,2250
2021-04-23 01:29:35.468000,4141.701,4141.054,2250,2250
2021-04-23 01:30:12.966000,4141.546,4140.833,2250,4190
2021-04-23 01:30:13.016000,4141.501,4140.839,2250,2250
2021-04-23 01:30:15.354000,4141.554,4141.051,460,2250
2021-04-23 01:30:15.404000,4141.746,4141.054,2250,2250
2021-04-23 01:30:19.471000,4141.658,4140.939,2250,4190
2021-04-23 01:30:19.521000,4141.655,4140.936,2250,2250
2021-04-23 01:30:19.632000,4141.546,4140.836,2250,4190
2021-04-23 01:30:19.682000,4141.552,4140.851,2250,2250
2021-04-23 01:30:20.113000,4141.557,4141.042,460,2250
2021-04-23 01:30:20.163000,4141.701,4141.048,2250,2250
2021-04-23 01:30:20.592000,4141.546,4140.839,2250,4190
2021-04-23 01:30:20.642000,4141.552,4140.848,2250,2250
2021-04-23 01:30:21.241000,4141.551,4141.036,460,2250
2021-04-23 01:30:21.292000,4141.755,4141.099,2250,2250
2021-04-23 01:30:24.729000,4141.561,4140.848,2250,2250
2021-04-23 01:30:28.107000,4141.401,4140.799,2250,4190
2021-04-23 01:30:28.158000,4141.461,4140.739,2250,2250
2021-04-23 01:30:28.270000,4141.255,4140.551,2250,4190
2021-04-23 01:30:28.321000,4141.246,4140.536,2250,2250
2021-04-23 01:30:29.520000,4141.067,4140.333,2250,4190
2021-04-23 01:30:29.571000,4141.001,4140.339,2250,2250
2021-04-23 01:30:33.432000,4140.746,4140.099,2250,4190
2021-04-23 01:30:33.483000,4140.701,4140.054,2250,2250
2021-04-23 01:30:36.286000,4140.552,4139.842,2250,2250
2021-04-23 01:30:36.724000,4140.548,4140.099,460,2250
2021-04-23 01:30:36.774000,4140.746,4140.099,2250,2250
2021-04-23 01:30:37.371000,4140.549,4139.839,2250,4190
2021-04-23 01:30:37.421000,4140.552,4139.848,2250,2250
