2021-04-18 22:00:05.229000,4172.849,4172.154,2250,2250
2021-04-18 22:00:05.689000,4172.401,4172.146,2250,890
2021-04-18 22:00:05.740000,4172.458,4171.742,2250,2250
2021-04-18 22:00:05.848000,4172.558,4171.797,3610,3140
2021-04-18 22:00:05.898000,4172.561,4171.851,2250,2250
2021-04-18 22:00:06.019000,4172.446,4171.733,2250,2250
2021-04-18 22:00:06.349000,4172.864,4172.148,2250,2250
2021-04-18 22:00:06.489000,4172.546,4172.146,2250,890
2021-04-18 22:00:06.539000,4172.549,4171.845,2250,2250
2021-04-18 22:00:06.808000,4172.361,4171.897,2250,890
2021-04-18 22:00:06.858000,4172.349,4171.642,2250,2250
2021-04-18 22:00:07.010000,4172.246,4171.599,2250,2250
2021-04-18 22:00:07.129000,4172.249,4171.64,2250,890
2021-04-18 22:00:07.179000,4172.355,4171.648,2250,2250
2021-04-18 22:00:07.339000,4172.249,4171.536,2250,2250
2021-04-18 22:00:08.729000,4172.261,4171.649,2250,890
2021-04-18 22:00:08.780000,4172.349,4171.654,2250,2250
2021-04-18 22:00:08.990000,4172.252,4171.533,2250,2250
2021-04-18 22:00:09.649000,4171.858,4171.133,2250,2250
2021-04-18 22:00:09.979000,4171.761,4171.042,2250,2250
2021-04-18 22:00:10.431000,4171.761,4171.149,2250,890
2021-04-18 22:00:10.481000,4171.846,4171.136,2250,2250
2021-04-18 22:00:10.640000,4171.467,4170.733,2250,2250
2021-04-18 22:00:10.752000,4171.749,4170.734,3610,3140
2021-04-18 22:00:10.803000,4171.749,4171.099,2250,2250
2021-04-18 22:00:10.911000,4171.849,4171.052,3610,3140
2021-04-18 22:00:10.962000,4171.855,4171.199,2250,2250
2021-04-18 22:00:11.073000,4171.861,4171.034,3610,3140
2021-04-18 22:00:11.123000,4171.749,4171.036,2250,2250
2021-04-18 22:00:12.431000,4171.849,4171.199,2250,2250
2021-04-18 22:00:12.619000,4171.767,4171.036,2250,2250
2021-04-18 22:00:12.750000,4171.552,4171.037,2250,890
2021-04-18 22:00:12.800000,4171.549,4170.836,2250,2250
2021-04-18 22:00:13.067000,4171.449,4170.837,2250,890
2021-04-18 22:00:13.118000,4171.455,4170.748,2250,2250
2021-04-18 22:00:13.610000,4171.346,4170.645,2250,2250
2021-04-18 22:00:14.271000,4171.261,4170.554,2250,2250
2021-04-18 22:00:14.542000,4171.258,4170.652,2250,890
2021-04-18 22:00:14.592000,4171.367,4170.633,2250,2250
2021-04-18 22:00:17.383000,4171.858,4170.637,3610,3140
2021-04-18 22:00:17.433000,4171.867,4171.145,2250,2250
2021-04-18 22:00:17.572000,4171.764,4171.048,2250,2250
2021-04-18 22:00:17.704000,4171.801,4171.043,3610,3140
2021-04-18 22:00:17.754000,4171.867,4171.151,2250,2250
2021-04-18 22:00:19.007000,4171.749,4171.197,2250,890
2021-04-18 22:00:19.057000,4171.764,4171.036,2250,2250
2021-04-18 22:00:19.168000,4171.846,4171.031,3610,3140
2021-04-18 22:00:19.218000,4171.861,4171.199,2250,2250
2021-04-18 22:00:20.322000,4171.858,4171.052,3610,3140
2021-04-18 22:00:20.372000,4171.701,4171.033,2250,2250
2021-04-18 22:00:20.801000,4171.801,4171.049,3610,3140
2021-04-18 22:00:20.851000,4171.852,4171.145,2250,2250
2021-04-18 22:00:21.121000,4171.761,4171.134,2250,890
2021-04-18 22:00:21.172000,4171.746,4171.036,2250,2250
2021-04-18 22:00:21.281000,4171.861,4171.046,3610,3140
2021-04-18 22:00:21.331000,4171.858,4171.151,2250,2250
2021-04-18 22:00:21.779000,4171.764,4171.137,2250,890
2021-04-18 22:00:21.829000,4171.767,4171.033,2250,2250
2021-04-18 22:00:21.941000,4172.052,4171.037,3610,3140
2021-04-18 22:00:21.991000,4172.052,4171.351,2250,2250
2021-04-18 22:00:22.101000,4172.261,4171.397,3610,3140
2021-04-18 22:00:22.152000,4172.201,4171.599,2250,2250
2021-04-18 22:00:23.082000,4172.346,4171.537,3610,3140
2021-04-18 22:00:23.133000,4172.367,4171.651,2250,2250
2021-04-18 22:00:23.243000,4172.552,4171.64,3610,3140
2021-04-18 22:00:23.293000,4172.552,4171.899,2250,2250
2021-04-18 22:00:24.779000,4172.855,4171.846,3610,3140
2021-04-18 22:00:24.829000,4172.861,4172.142,2250,2250
2021-04-18 22:00:25.941000,4173.064,4172.152,3610,3140
2021-04-18 22:00:25.992000,4173.061,4172.339,2250,2250
2021-04-18 22:00:26.099000,4172.955,4172.245,2250,2250
2021-04-18 22:00:26.419000,4173.349,4172.249,3610,3140
2021-04-18 22:00:26.469000,4173.364,4172.651,2250,2250
2021-04-18 22:00:26.739000,4173.267,4172.649,2250,890
2021-04-18 22:00:26.789000,4173.255,4172.599,2250,2250
2021-04-18 22:00:26.899000,4173.364,4172.543,3610,3140
2021-04-18 22:00:26.949000,4173.346,4172.654,2250,2250
2021-04-18 22:00:28.125000,4173.461,4172.634,3610,3140
2021-04-18 22:00:28.176000,4173.464,4172.736,2250,2250
2021-04-18 22:00:28.305000,4173.501,4172.851,2250,2250
2021-04-18 22:00:29.328000,4173.752,4172.849,3610,3140
2021-04-18 22:00:29.378000,4173.764,4173.042,2250,2250
2021-04-18 22:00:29.656000,4173.901,4173.037,3610,3140
2021-04-18 22:00:29.706000,4173.958,4173.233,2250,2250
2021-04-18 22:00:30.469000,4173.961,4173.14,3610,3140
2021-04-18 22:00:30.520000,4173.864,4173.199,2250,2250
2021-04-18 22:00:30.994000,4174.058,4173.14,3610,3140
2021-04-18 22:00:31.044000,4174.055,4173.342,2250,2250
2021-04-18 22:00:32.015000,4174.252,4173.349,3610,3140
2021-04-18 22:00:32.066000,4174.255,4173.548,2250,2250
2021-04-18 22:00:33.146000,4174.364,4173.549,3610,3140
2021-04-18 22:00:33.197000,4174.364,4173.645,2250,2250
2021-04-18 22:00:33.584000,4174.201,4173.545,2250,2250
2021-04-18 22:00:34.192000,4173.958,4173.531,2250,890
2021-04-18 22:00:34.242000,4173.901,4173.248,2250,2250
2021-04-18 22:00:34.701000,4173.949,4173.131,3610,3140
2021-04-18 22:00:34.751000,4173.801,4173.148,2250,2250
2021-04-18 22:00:34.905000,4173.701,4173.036,2250,2250
2021-04-18 22:00:35.896000,4173.555,4172.851,2250,2250
2021-04-18 22:00:38.079000,4174.001,4172.831,3610,3140
2021-04-18 22:00:38.129000,4174.049,4173.351,2250,2250
2021-04-18 22:00:38.241000,4174.064,4173.249,3610,3140
2021-04-18 22:00:38.292000,4173.946,4173.245,2250,2250
2021-04-18 22:00:39.528000,4173.755,4173.252,2250,890
2021-04-18 22:00:39.578000,4173.752,4173.054,2250,2250
2021-04-18 22:00:39.687000,4173.755,4173.146,2250,890
2021-04-18 22:00:39.738000,4173.867,4173.139,2250,2250
2021-04-18 22:00:42.043000,4173.867,4173.031,3610,3140
2021-04-18 22:00:42.094000,4173.761,4173.033,2250,2250
2021-04-18 22:00:43.052000,4173.564,4173.031,2250,890
2021-04-18 22:00:43.103000,4173.552,4172.839,2250,2250
2021-04-18 22:00:43.993000,4173.749,4172.837,3610,3140
2021-04-18 22:00:44.044000,4173.746,4173.033,2250,2250
2021-04-18 22:00:44.489000,4173.858,4173.034,3610,3140
2021-04-18 22:00:44.539000,4173.867,4173.148,2250,2250
2021-04-18 22:00:44.650000,4173.701,4173.149,2250,890
2021-04-18 22:00:44.700000,4173.761,4173.033,2250,2250
2021-04-18 22:00:46.495000,4173.861,4173.037,3610,3140
2021-04-18 22:00:46.545000,4173.867,4173.199,2250,2250
2021-04-18 22:00:46.656000,4173.755,4173.149,2250,890
2021-04-18 22:00:46.706000,4173.758,4173.099,2250,2250
2021-04-18 22:00:46.815000,4173.858,4173.043,3610,3140
2021-04-18 22:00:46.865000,4173.852,4173.148,2250,2250
2021-04-18 22:00:52.069000,4173.961,4173.251,2250,2250
2021-04-18 22:00:52.190000,4174.052,4173.231,3610,3140
2021-04-18 22:00:52.240000,4174.055,4173.339,2250,2250
2021-04-18 22:00:52.399000,4173.901,4173.254,2250,2250
2021-04-18 22:00:52.829000,4173.852,4173.243,2250,890
2021-04-18 22:00:52.880000,4173.852,4173.133,2250,2250
2021-04-18 22:00:53.310000,4173.901,4173.152,3610,3140
2021-04-18 22:00:53.360000,4173.949,4173.299,2250,2250
2021-04-18 22:00:54.072000,4173.855,4173.252,2250,890
2021-04-18 22:00:54.122000,4173.864,4173.199,2250,2250
2021-04-18 22:00:54.232000,4173.949,4173.137,3610,3140
2021-04-18 22:00:54.282000,4173.961,4173.242,2250,2250
2021-04-18 22:00:55.041000,4173.501,4172.845,2250,2250
2021-04-18 22:00:55.161000,4173.401,4172.834,2250,890
2021-04-18 22:00:55.211000,4173.452,4172.745,2250,2250
2021-04-18 22:00:55.371000,4173.855,4173.145,2250,2250
2021-04-18 22:00:56.145000,4173.467,4173.149,2250,890
2021-04-18 22:00:56.195000,4173.446,4172.754,2250,2250
2021-04-18 22:00:56.737000,4173.558,4172.734,3610,3140
2021-04-18 22:00:56.787000,4173.558,4172.899,2250,2250
2021-04-18 22:00:56.896000,4173.467,4172.837,2250,890
2021-04-18 22:00:56.946000,4173.446,4172.742,2250,2250
2021-04-18 22:00:57.376000,4173.467,4172.846,2250,890
2021-04-18 22:00:57.427000,4173.549,4172.845,2250,2250
2021-04-18 22:00:58.706000,4173.755,4172.837,3610,3140
2021-04-18 22:00:58.756000,4173.749,4173.042,2250,2250
2021-04-18 22:00:59.733000,4173.858,4173.04,3610,3140
2021-04-18 22:00:59.783000,4173.849,4173.154,2250,2250
2021-04-18 22:01:00.374000,4174.067,4173.14,3610,3140
2021-04-18 22:01:00.425000,4174.058,4173.354,2250,2250
2021-04-18 22:01:02.093000,4173.858,4173.334,2250,890
2021-04-18 22:01:02.144000,4173.858,4173.136,2250,2250
2021-04-18 22:01:02.575000,4173.858,4173.331,2250,890
2021-04-18 22:01:02.794000,4174.001,4173.336,2250,2250
2021-04-18 22:01:02.892000,4173.952,4173.337,2250,890
2021-04-18 22:01:02.942000,4173.952,4173.254,2250,2250
2021-04-18 22:01:03.265000,4174.067,4173.231,3610,3140
2021-04-18 22:01:03.316000,4174.055,4173.333,2250,2250
2021-04-18 22:01:07.240000,4173.867,4173.343,2250,890
2021-04-18 22:01:07.291000,4173.861,4173.148,2250,2250
2021-04-18 22:01:09.549000,4174.061,4173.14,3610,3140
2021-04-18 22:01:09.599000,4174.061,4173.342,2250,2250
2021-04-18 22:01:14.349000,4173.955,4173.239,2250,2250
2021-04-18 22:01:14.464000,4173.855,4173.24,2250,890
2021-04-18 22:01:14.515000,4173.855,4173.139,2250,2250
2021-04-18 22:01:14.623000,4173.961,4173.131,3610,3140
2021-04-18 22:01:14.674000,4173.952,4173.299,2250,2250
2021-04-18 22:01:14.948000,4174.055,4173.297,3610,3140
2021-04-18 22:01:14.998000,4174.049,4173.339,2250,2250
2021-04-18 22:01:16.769000,4173.901,4173.346,2250,890
2021-04-18 22:01:16.820000,4173.952,4173.242,2250,2250
2021-04-18 22:01:17.537000,4173.861,4173.249,2250,890
2021-04-18 22:01:17.587000,4173.801,4173.151,2250,2250
2021-04-18 22:01:22.435000,4173.546,4173.146,2250,890
2021-04-18 22:01:22.486000,4173.546,4172.833,2250,2250
2021-04-18 22:01:39.441000,4173.864,4173.136,2250,2250
2021-04-18 22:01:40.025000,4173.567,4173.146,2250,890
2021-04-18 22:01:40.075000,4173.549,4172.848,2250,2250
2021-04-18 22:01:40.178000,4173.846,4172.897,3610,3140
2021-04-18 22:01:40.228000,4173.864,4173.142,2250,2250
2021-04-18 22:01:41.422000,4173.555,4172.899,2250,2250
2021-04-18 22:01:41.752000,4173.864,4173.199,2250,2250
2021-04-18 22:01:43.883000,4173.767,4173.149,2250,890
2021-04-18 22:01:43.933000,4173.746,4173.054,2250,2250
2021-04-18 22:01:44.064000,4173.858,4173.154,2250,2250
2021-04-18 22:01:45.053000,4173.701,4173.099,2250,2250
2021-04-18 22:01:46.412000,4173.567,4173.046,2250,890
2021-04-18 22:01:46.462000,4173.546,4172.836,2250,2250
2021-04-18 22:01:46.572000,4173.767,4172.843,3610,3140
2021-04-18 22:01:46.622000,4173.749,4173.033,2250,2250
2021-04-18 22:01:47.034000,4173.567,4172.851,2250,2250
2021-04-18 22:01:47.308000,4173.764,4172.831,3610,3140
2021-04-18 22:01:47.358000,4173.767,4173.099,2250,2250
2021-04-18 22:01:47.470000,4173.867,4173.097,3610,3140
2021-04-18 22:01:47.520000,4173.801,4173.151,2250,2250
2021-04-18 22:01:47.789000,4173.758,4173.149,2250,890
2021-04-18 22:01:47.839000,4173.701,4173.054,2250,2250
2021-04-18 22:01:48.383000,4173.858,4173.049,3610,3140
2021-04-18 22:01:48.433000,4173.855,4173.151,2250,2250
2021-04-18 22:01:49.587000,4173.764,4173.131,2250,890
2021-04-18 22:01:49.638000,4173.764,4173.042,2250,2250
2021-04-18 22:01:49.856000,4173.849,4173.046,3610,3140
2021-04-18 22:01:49.906000,4173.846,4173.151,2250,2250
2021-04-18 22:01:50.405000,4173.301,4173.152,2250,890
2021-04-18 22:01:50.455000,4173.346,4172.642,2250,2250
2021-04-18 22:01:50.565000,4173.501,4172.634,3610,3140
2021-04-18 22:01:50.615000,4173.561,4172.842,2250,2250
2021-04-18 22:01:51.854000,4173.849,4172.843,3610,3140
2021-04-18 22:01:51.904000,4173.864,4173.142,2250,2250
2021-04-18 22:02:02.374000,4173.349,4173.14,2250,890
2021-04-18 22:02:02.424000,4173.364,4172.636,2250,2250
2021-04-18 22:02:11.461000,4173.064,4172.339,2250,2250
2021-04-18 22:02:12.879000,4172.955,4172.352,2250,890
2021-04-18 22:02:12.929000,4172.952,4172.251,2250,2250
2021-04-18 22:02:13.041000,4173.049,4172.243,3610,3140
2021-04-18 22:02:13.091000,4173.049,4172.351,2250,2250
2021-04-18 22:02:14.763000,4172.955,4172.251,2250,2250
2021-04-18 22:02:14.952000,4173.001,4172.24,3610,3140
2021-04-18 22:02:15.003000,4173.052,4172.354,2250,2250
2021-04-18 22:02:16.163000,4172.952,4172.334,2250,890
2021-04-18 22:02:16.214000,4172.967,4172.254,2250,2250
2021-04-18 22:02:16.413000,4173.067,4172.246,3610,3140
2021-04-18 22:02:16.463000,4173.067,4172.354,2250,2250
2021-04-18 22:02:18.215000,4173.249,4172.349,3610,3140
2021-04-18 22:02:18.266000,4173.255,4172.554,2250,2250
2021-04-18 22:02:18.392000,4173.064,4172.354,2250,2250
2021-04-18 22:02:21.032000,4173.349,4172.636,2250,2250
2021-04-18 22:02:33.455000,4173.567,4172.646,3610,3140
2021-04-18 22:02:33.506000,4173.546,4172.854,2250,2250
2021-04-18 22:02:50.542000,4173.761,4172.843,3610,3140
2021-04-18 22:02:50.592000,4173.761,4173.039,2250,2250
2021-04-18 22:02:50.840000,4173.558,4173.052,2250,890
2021-04-18 22:02:50.891000,4173.501,4172.848,2250,2250
2021-04-18 22:02:51.000000,4173.701,4172.846,3610,3140
2021-04-18 22:02:51.051000,4173.764,4173.045,2250,2250
2021-04-18 22:02:51.160000,4173.764,4172.831,3610,3140
2021-04-18 22:02:51.210000,4173.549,4172.842,2250,2250
2021-04-18 22:02:53.381000,4173.758,4173.048,2250,2250
2021-04-18 22:02:53.578000,4173.558,4173.052,2250,890
2021-04-18 22:02:53.629000,4173.501,4172.848,2250,2250
2021-04-18 22:02:54.750000,4173.746,4172.84,3610,3140
2021-04-18 22:02:54.801000,4173.767,4173.051,2250,2250
2021-04-18 22:02:55.071000,4173.846,4173.031,3610,3140
2021-04-18 22:02:55.122000,4173.858,4173.199,2250,2250
2021-04-18 22:02:55.226000,4173.501,4173.134,2250,890
2021-04-18 22:02:55.277000,4173.564,4172.851,2250,2250
2021-04-18 22:02:55.387000,4173.749,4172.837,3610,3140
2021-04-18 22:02:55.438000,4173.764,4173.036,2250,2250
2021-04-18 22:02:57.455000,4173.501,4173.031,2250,890
2021-04-18 22:02:57.505000,4173.561,4172.899,2250,2250
2021-04-18 22:02:57.615000,4173.767,4172.852,3610,3140
2021-04-18 22:02:57.666000,4173.749,4173.048,2250,2250
2021-04-18 22:02:57.918000,4173.852,4173.046,3610,3140
2021-04-18 22:02:57.969000,4173.801,4173.148,2250,2250
2021-04-18 22:02:58.080000,4173.501,4173.14,2250,890
2021-04-18 22:02:58.130000,4173.552,4172.851,2250,2250
2021-04-18 22:03:00.349000,4173.849,4172.852,3610,3140
2021-04-18 22:03:00.400000,4173.846,4173.139,2250,2250
2021-04-18 22:03:17.242000,4173.758,4173.143,2250,890
2021-04-18 22:03:17.293000,4173.755,4173.039,2250,2250
2021-04-18 22:03:17.404000,4173.858,4173.04,3610,3140
2021-04-18 22:03:17.454000,4173.852,4173.133,2250,2250
2021-04-18 22:03:30.776000,4173.755,4173.14,2250,890
2021-04-18 22:03:30.826000,4173.746,4173.054,2250,2250
2021-04-18 22:03:31.456000,4173.858,4173.052,3610,3140
2021-04-18 22:03:31.507000,4173.861,4173.139,2250,2250
2021-04-18 22:03:32.297000,4173.746,4173.134,2250,890
2021-04-18 22:03:32.348000,4173.758,4173.039,2250,2250
2021-04-18 22:03:33.416000,4173.858,4173.136,2250,2250
2021-04-18 22:03:33.523000,4173.752,4173.054,2250,2250
2021-04-18 22:03:34.944000,4173.801,4173.031,3610,3140
2021-04-18 22:03:34.994000,4173.846,4173.154,2250,2250
2021-04-18 22:03:35.109000,4173.767,4173.152,2250,890
2021-04-18 22:03:35.159000,4173.764,4173.042,2250,2250
2021-04-18 22:03:36.599000,4173.855,4173.031,3610,3140
2021-04-18 22:03:36.649000,4173.801,4173.199,2250,2250
2021-04-18 22:03:36.759000,4173.761,4173.134,2250,890
2021-04-18 22:03:36.809000,4173.758,4173.051,2250,2250
2021-04-18 22:03:38.933000,4173.855,4173.097,3610,3140
2021-04-18 22:03:38.984000,4173.855,4173.133,2250,2250
2021-04-18 22:03:39.100000,4173.752,4173.134,2250,890
2021-04-18 22:03:39.150000,4173.758,4173.042,2250,2250
2021-04-18 22:03:39.458000,4173.858,4173.04,3610,3140
2021-04-18 22:03:39.508000,4173.855,4173.133,2250,2250
2021-04-18 22:03:41.545000,4174.046,4173.146,3610,3140
2021-04-18 22:03:41.596000,4174.061,4173.399,2250,2250
2021-04-18 22:03:51.841000,4174.301,4173.343,3610,3140
2021-04-18 22:03:51.891000,4174.346,4173.654,2250,2250
2021-04-18 22:03:52.677000,4174.264,4173.646,2250,890
2021-04-18 22:03:52.727000,4174.255,4173.542,2250,2250
2021-04-18 22:03:52.839000,4174.058,4173.552,2250,890
2021-04-18 22:03:52.889000,4174.067,4173.348,2250,2250
2021-04-18 22:03:53.642000,4174.249,4173.539,2250,2250
2021-04-18 22:03:54.216000,4174.352,4173.633,2250,2250
2021-04-18 22:03:54.366000,4174.046,4173.637,2250,890
2021-04-18 22:03:54.417000,4174.067,4173.348,2250,2250
2021-04-18 22:03:56.855000,4174.201,4173.542,2250,2250
2021-04-18 22:03:56.974000,4174.367,4173.552,3610,3140
2021-04-18 22:03:57.025000,4174.355,4173.633,2250,2250
2021-04-18 22:03:59.578000,4174.458,4173.637,3610,3140
2021-04-18 22:03:59.629000,4174.458,4173.799,2250,2250
2021-04-18 22:04:00.215000,4174.567,4173.734,3610,3140
2021-04-18 22:04:00.265000,4174.564,4173.848,2250,2250
2021-04-18 22:04:01.234000,4174.349,4173.831,2250,890
2021-04-18 22:04:01.285000,4174.364,4173.633,2250,2250
2021-04-18 22:04:01.375000,4174.455,4173.652,3610,3140
2021-04-18 22:04:01.425000,4174.401,4173.736,2250,2250
2021-04-18 22:04:01.536000,4174.567,4173.737,3610,3140
2021-04-18 22:04:01.587000,4174.501,4173.836,2250,2250
2021-04-18 22:04:03.596000,4174.349,4173.837,2250,890
2021-04-18 22:04:03.647000,4174.367,4173.642,2250,2250
2021-04-18 22:04:04.919000,4174.455,4173.643,3610,3140
2021-04-18 22:04:04.969000,4174.452,4173.745,2250,2250
2021-04-18 22:04:05.819000,4174.552,4173.797,3610,3140
2021-04-18 22:04:05.870000,4174.501,4173.833,2250,2250
2021-04-18 22:04:05.978000,4174.446,4173.846,2250,890
2021-04-18 22:04:06.029000,4174.461,4173.799,2250,2250
2021-04-18 22:04:06.139000,4174.367,4173.797,2250,890
2021-04-18 22:04:06.190000,4174.364,4173.636,2250,2250
2021-04-18 22:04:10.058000,4174.552,4173.845,2250,2250
2021-04-18 22:04:14.742000,4174.864,4173.846,3610,3140
2021-04-18 22:04:14.792000,4174.858,4174.154,2250,2250
2021-04-18 22:04:19.873000,4174.967,4174.134,3610,3140
2021-04-18 22:04:19.923000,4174.964,4174.239,2250,2250
2021-04-18 22:04:20.187000,4175.052,4174.234,3610,3140
2021-04-18 22:04:20.238000,4175.055,4174.351,2250,2250
2021-04-18 22:04:24.835000,4175.358,4174.397,3610,3140
2021-04-18 22:04:24.885000,4175.346,4174.642,2250,2250
2021-04-18 22:04:26.175000,4175.049,4174.64,2250,890
2021-04-18 22:04:26.225000,4175.052,4174.333,2250,2250
2021-04-18 22:04:30.330000,4175.364,4174.343,3610,3140
2021-04-18 22:04:30.380000,4175.364,4174.651,2250,2250
2021-04-18 22:04:30.649000,4175.001,4174.64,2250,890
2021-04-18 22:04:30.700000,4175.064,4174.345,2250,2250
2021-04-18 22:04:43.253000,4175.367,4174.334,3610,3140
2021-04-18 22:04:43.304000,4175.367,4174.642,2250,2250
2021-04-18 22:04:46.716000,4175.267,4174.599,2250,2250
2021-04-18 22:04:46.845000,4175.055,4174.546,2250,890
2021-04-18 22:04:46.896000,4175.055,4174.345,2250,2250
2021-04-18 22:04:48.475000,4175.255,4174.343,3610,3140
2021-04-18 22:04:48.526000,4175.249,4174.548,2250,2250
2021-04-18 22:04:48.971000,4175.067,4174.531,2250,890
2021-04-18 22:04:49.022000,4175.058,4174.333,2250,2250
2021-04-18 22:04:49.686000,4175.246,4174.599,2250,2250
2021-04-18 22:04:49.835000,4175.046,4174.534,2250,890
2021-04-18 22:04:49.885000,4175.058,4174.345,2250,2250
2021-04-18 22:05:14.511000,4174.858,4174.397,2250,890
2021-04-18 22:05:14.561000,4174.858,4174.151,2250,2250
2021-04-18 22:05:24.404000,4174.552,4173.854,2250,2250
2021-04-18 22:05:36.286000,4174.867,4174.148,2250,2250
2021-04-18 22:05:38.284000,4174.767,4174.143,2250,890
2021-04-18 22:05:38.334000,4174.746,4174.099,2250,2250
2021-04-18 22:05:38.636000,4174.567,4174.04,2250,890
2021-04-18 22:05:38.686000,4174.549,4173.851,2250,2250
2021-04-18 22:05:43.080000,4174.346,4173.852,2250,890
2021-04-18 22:05:43.131000,4174.361,4173.636,2250,2250
2021-04-18 22:05:44.197000,4174.552,4173.631,3610,3140
2021-04-18 22:05:44.248000,4174.501,4173.854,2250,2250
2021-04-18 22:06:11.675000,4174.752,4173.852,3610,3140
2021-04-18 22:06:11.726000,4174.761,4174.039,2250,2250
2021-04-18 22:06:12.068000,4174.552,4173.899,2250,2250
2021-04-18 22:06:24.162000,4174.846,4173.831,3610,3140
2021-04-18 22:06:24.213000,4174.849,4174.139,2250,2250
2021-04-18 22:06:39.873000,4175.052,4174.152,3610,3140
2021-04-18 22:06:39.923000,4175.058,4174.342,2250,2250
2021-04-18 22:06:40.839000,4174.864,4174.34,2250,890
2021-04-18 22:06:40.889000,4174.846,4174.136,2250,2250
2021-04-18 22:06:41.001000,4175.001,4174.14,3610,3140
2021-04-18 22:06:41.052000,4175.064,4174.345,2250,2250
2021-04-18 22:06:41.321000,4174.801,4174.352,2250,890
2021-04-18 22:06:41.375000,4174.846,4174.136,2250,2250
2021-04-18 22:07:06.878000,4174.546,4173.833,2250,2250
2021-04-18 22:07:11.986000,4174.301,4173.846,2250,890
2021-04-18 22:07:12.036000,4174.364,4173.699,2250,2250
2021-04-18 22:07:42.414000,4173.558,4172.854,2250,2250
2021-04-18 22:07:42.524000,4173.864,4173.151,2250,2250
2021-04-18 22:07:43.642000,4173.701,4173.197,2250,890
2021-04-18 22:07:43.692000,4173.752,4173.051,2250,2250
2021-04-18 22:07:43.932000,4173.564,4173.037,2250,890
2021-04-18 22:07:43.982000,4173.561,4172.848,2250,2250
2021-04-18 22:07:44.539000,4173.552,4173.031,2250,890
2021-04-18 22:07:44.589000,4173.758,4173.033,2250,2250
2021-04-18 22:07:44.703000,4173.549,4173.046,2250,890
2021-04-18 22:07:44.753000,4173.567,4172.839,2250,2250
2021-04-18 22:07:44.859000,4173.758,4172.897,3610,3140
2021-04-18 22:07:44.909000,4173.746,4173.042,2250,2250
2021-04-18 22:07:45.570000,4173.501,4173.043,2250,890
2021-04-18 22:07:45.620000,4173.561,4172.848,2250,2250
2021-04-18 22:07:46.099000,4173.767,4172.852,3610,3140
2021-04-18 22:07:46.149000,4173.761,4173.099,2250,2250
2021-04-18 22:07:46.258000,4173.561,4173.031,2250,890
2021-04-18 22:07:46.308000,4173.546,4172.899,2250,2250
2021-04-18 22:07:50.806000,4173.846,4173.142,2250,2250
2021-04-18 22:08:01.369000,4174.001,4173.354,2250,2250
2021-04-18 22:08:07.004000,4174.301,4173.352,3610,3140
2021-04-18 22:08:07.054000,4174.367,4173.633,2250,2250
2021-04-18 22:08:12.817000,4174.258,4173.634,2250,890
2021-04-18 22:08:12.867000,4174.246,4173.551,2250,2250
2021-04-18 22:08:13.699000,4174.361,4173.54,3610,3140
2021-04-18 22:08:13.750000,4174.355,4173.639,2250,2250
2021-04-18 22:08:21.530000,4174.558,4173.649,3610,3140
2021-04-18 22:08:21.580000,4174.558,4173.848,2250,2250
2021-04-18 22:08:22.383000,4174.455,4173.897,2250,890
2021-04-18 22:08:22.433000,4174.461,4173.748,2250,2250
2021-04-18 22:08:23.908000,4174.246,4173.752,2250,890
2021-04-18 22:08:23.958000,4174.246,4173.536,2250,2250
2021-04-18 22:08:24.632000,4174.349,4173.549,3610,3140
2021-04-18 22:08:24.683000,4174.361,4173.642,2250,2250
2021-04-18 22:09:17.356000,4174.552,4173.649,3610,3140
2021-04-18 22:09:17.406000,4174.561,4173.833,2250,2250
2021-04-18 22:09:17.515000,4174.349,4173.852,2250,890
2021-04-18 22:09:17.566000,4174.367,4173.639,2250,2250
2021-04-18 22:09:39.724000,4174.064,4173.634,2250,890
2021-04-18 22:09:39.774000,4174.067,4173.348,2250,2250
2021-04-18 22:09:40.424000,4174.252,4173.343,3610,3140
2021-04-18 22:09:40.474000,4174.249,4173.599,2250,2250
2021-04-18 22:09:42.323000,4174.061,4173.552,2250,890
2021-04-18 22:09:42.373000,4174.058,4173.399,2250,2250
2021-04-18 22:09:46.507000,4174.252,4173.337,3610,3140
2021-04-18 22:09:46.558000,4174.267,4173.539,2250,2250
2021-04-18 22:09:47.766000,4174.067,4173.552,2250,890
2021-04-18 22:09:47.816000,4174.046,4173.345,2250,2250
2021-04-18 22:09:50.236000,4174.358,4173.337,3610,3140
2021-04-18 22:09:50.286000,4174.361,4173.648,2250,2250
2021-04-18 22:10:14.171000,4174.052,4173.354,2250,2250
2021-04-18 22:10:53.447000,4173.861,4173.136,2250,2250
2021-04-18 22:11:21.666000,4174.046,4173.149,2710,3140
2021-04-18 22:11:21.716000,4174.061,4173.348,2250,2250
2021-04-18 22:11:34.287000,4173.552,4173.349,2250,890
2021-04-18 22:11:34.337000,4173.501,4172.899,2250,2250
2021-04-18 22:11:39.721000,4173.852,4172.852,2710,3140
2021-04-18 22:11:39.772000,4173.846,4173.145,2250,2250
2021-04-18 22:11:49.494000,4173.761,4173.149,2250,890
2021-04-18 22:11:49.544000,4173.749,4173.048,2250,2250
2021-04-18 22:11:49.654000,4173.501,4173.043,2250,890
2021-04-18 22:11:49.705000,4173.564,4172.839,2250,2250
2021-04-18 22:11:50.606000,4173.801,4173.145,2250,2250
2021-04-18 22:11:54.203000,4173.549,4173.152,2250,890
2021-04-18 22:11:54.253000,4173.552,4172.899,2250,2250
2021-04-18 22:11:54.362000,4173.864,4172.84,2710,3140
2021-04-18 22:11:54.412000,4173.858,4173.145,2250,2250
2021-04-18 22:11:55.203000,4173.546,4173.131,2250,890
2021-04-18 22:11:55.253000,4173.546,4172.833,2250,2250
2021-04-18 22:12:01.905000,4174.049,4173.354,2250,2250
2021-04-18 22:12:04.482000,4173.952,4173.397,2250,890
2021-04-18 22:12:04.533000,4173.967,4173.236,2250,2250
2021-04-18 22:12:06.920000,4174.046,4173.252,2710,3140
2021-04-18 22:12:06.971000,4174.067,4173.336,2250,2250
2021-04-18 22:12:07.081000,4173.967,4173.34,2250,890
2021-04-18 22:12:07.132000,4173.964,4173.239,2250,2250
2021-04-18 22:12:07.921000,4174.046,4173.234,2710,3140
2021-04-18 22:12:07.972000,4174.061,4173.333,2250,2250
2021-04-18 22:12:08.083000,4173.961,4173.337,2250,890
2021-04-18 22:12:08.133000,4173.958,4173.236,2250,2250
2021-04-18 22:12:09.354000,4174.049,4173.297,2710,3140
2021-04-18 22:12:09.405000,4174.055,4173.336,2250,2250
2021-04-18 22:12:11.392000,4173.861,4173.337,2250,890
2021-04-18 22:12:11.442000,4173.861,4173.148,2250,2250
2021-04-18 22:12:12.398000,4174.052,4173.134,2710,3140
2021-04-18 22:12:12.448000,4174.058,4173.339,2250,2250
2021-04-18 22:12:16.439000,4173.961,4173.334,2250,890
2021-04-18 22:12:16.489000,4173.967,4173.233,2250,2250
2021-04-18 22:12:18.869000,4174.055,4173.249,2710,3140
2021-04-18 22:12:18.919000,4174.052,4173.399,2250,2250
2021-04-18 22:12:19.069000,4173.961,4173.254,2250,2250
2021-04-18 22:12:19.862000,4173.855,4173.246,2250,890
2021-04-18 22:12:19.912000,4173.846,4173.133,2250,2250
2021-04-18 22:12:26.585000,4174.064,4173.134,2710,3140
2021-04-18 22:12:26.635000,4174.061,4173.333,2250,2250
2021-04-18 22:12:28.222000,4173.846,4173.346,2250,890
2021-04-18 22:12:28.272000,4173.852,4173.199,2250,2250
2021-04-18 22:12:39.325000,4173.946,4173.134,2710,3140
2021-04-18 22:12:39.376000,4173.964,4173.254,2250,2250
2021-04-18 22:12:39.703000,4174.046,4173.234,2710,3140
2021-04-18 22:12:39.753000,4174.061,4173.351,2250,2250
2021-04-18 22:12:39.861000,4173.849,4173.397,2250,890
2021-04-18 22:12:39.911000,4173.801,4173.142,2250,2250
2021-04-18 22:12:41.409000,4173.955,4173.134,2710,3140
2021-04-18 22:12:41.459000,4173.958,4173.239,2250,2250
2021-04-18 22:12:44.239000,4174.001,4173.339,2250,2250
2021-04-18 22:12:45.249000,4173.864,4173.346,2250,890
2021-04-18 22:12:45.300000,4173.855,4173.133,2250,2250
2021-04-18 22:12:46.757000,4173.961,4173.152,2710,3140
2021-04-18 22:12:46.807000,4173.952,4173.239,2250,2250
2021-04-18 22:12:47.540000,4173.858,4173.145,2250,2250
2021-04-18 22:12:53.580000,4174.055,4173.134,2710,3140
2021-04-18 22:12:53.631000,4174.052,4173.339,2250,2250
2021-04-18 22:12:53.928000,4173.801,4173.352,2250,890
2021-04-18 22:12:53.978000,4173.849,4173.139,2250,2250
2021-04-18 22:12:54.255000,4173.949,4173.152,2710,3140
2021-04-18 22:12:54.306000,4173.961,4173.245,2250,2250
2021-04-18 22:12:54.686000,4174.061,4173.24,2710,3140
2021-04-18 22:12:54.737000,4174.055,4173.333,2250,2250
2021-04-18 22:12:58.299000,4173.864,4173.34,2250,890
2021-04-18 22:12:58.350000,4173.801,4173.154,2250,2250
2021-04-18 22:13:01.226000,4173.964,4173.152,2710,3140
2021-04-18 22:13:01.277000,4173.964,4173.251,2250,2250
2021-04-18 22:13:02.064000,4174.064,4173.345,2250,2250
2021-04-18 22:13:02.198000,4173.861,4173.337,2250,890
2021-04-18 22:13:02.249000,4173.852,4173.133,2250,2250
2021-04-18 22:13:11.307000,4174.067,4173.333,2250,2250
2021-04-18 22:13:12.538000,4173.849,4173.352,2250,890
2021-04-18 22:13:12.588000,4173.861,4173.139,2250,2250
2021-04-18 22:13:18.900000,4174.067,4173.339,2250,2250
2021-04-18 22:13:33.789000,4173.867,4173.331,2250,890
2021-04-18 22:13:33.839000,4173.858,4173.145,2250,2250
2021-04-18 22:14:08.019000,4173.949,4173.134,2710,3140
2021-04-18 22:14:08.069000,4173.958,4173.251,2250,2250
2021-04-18 22:14:08.179000,4173.849,4173.249,2250,890
2021-04-18 22:14:08.230000,4173.852,4173.145,2250,2250
2021-04-18 22:14:27.363000,4173.961,4173.146,2710,3140
2021-04-18 22:14:27.413000,4173.955,4173.242,2250,2250
2021-04-18 22:14:28.530000,4173.849,4173.231,2250,890
2021-04-18 22:14:28.581000,4173.801,4173.151,2250,2250
2021-04-18 22:14:30.748000,4173.949,4173.143,2710,3140
2021-04-18 22:14:30.798000,4173.952,4173.239,2250,2250
2021-04-18 22:14:32.738000,4174.001,4173.234,2710,3140
2021-04-18 22:14:32.788000,4174.067,4173.333,2250,2250
2021-04-18 22:14:32.945000,4173.964,4173.245,2250,2250
2021-04-18 22:14:33.167000,4173.855,4173.234,2250,890
2021-04-18 22:14:33.217000,4173.801,4173.142,2250,2250
2021-04-18 22:14:40.362000,4173.901,4173.14,2710,3140
2021-04-18 22:14:40.413000,4173.955,4173.251,2250,2250
2021-04-18 22:14:41.526000,4173.855,4173.139,2250,2250
2021-04-18 22:17:49.811000,4173.561,4172.848,2250,2250
2021-04-18 22:18:12.053000,4173.849,4172.834,2710,3140
2021-04-18 22:18:12.104000,4173.855,4173.148,2250,2250
2021-04-18 22:18:40.986000,4173.564,4173.149,2250,890
2021-04-18 22:18:41.037000,4173.501,4172.845,2250,2250
2021-04-18 22:19:12.717000,4173.755,4172.837,2710,3140
2021-04-18 22:19:12.768000,4173.764,4173.099,2250,2250
2021-04-18 22:19:16.416000,4173.555,4173.034,2250,890
2021-04-18 22:19:16.467000,4173.546,4172.848,2250,2250
2021-04-18 22:19:16.959000,4173.701,4173.039,2250,2250
2021-04-18 22:19:17.742000,4173.864,4173.049,2710,3140
2021-04-18 22:19:17.792000,4173.849,4173.142,2250,2250
2021-04-18 22:19:17.949000,4173.567,4172.851,2250,2250
2021-04-18 22:19:19.214000,4173.749,4172.84,2710,3140
2021-04-18 22:19:19.265000,4173.764,4173.051,2250,2250
2021-04-18 22:19:22.287000,4173.852,4173.034,2710,3140
2021-04-18 22:19:22.337000,4173.858,4173.139,2250,2250
2021-04-18 22:19:33.584000,4173.564,4173.137,2250,890
2021-04-18 22:19:33.634000,4173.567,4172.839,2250,2250
2021-04-18 22:19:35.444000,4173.846,4173.145,2250,2250
2021-04-18 22:20:05.619000,4173.949,4173.134,3610,3140
2021-04-18 22:20:05.670000,4173.901,4173.242,2250,2250
2021-04-18 22:20:05.816000,4173.864,4173.145,2250,2250
2021-04-18 22:20:06.221000,4173.946,4173.134,3610,3140
2021-04-18 22:20:06.272000,4173.955,4173.299,2250,2250
2021-04-18 22:20:06.381000,4173.801,4173.252,2250,890
2021-04-18 22:20:06.431000,4173.864,4173.133,2250,2250
2021-04-18 22:20:10.200000,4173.949,4173.152,3610,3140
2021-04-18 22:20:10.250000,4173.949,4173.248,2250,2250
2021-04-18 22:20:10.981000,4173.858,4173.246,2250,890
2021-04-18 22:20:11.031000,4173.849,4173.151,2250,2250
2021-04-18 22:20:55.049000,4174.001,4173.342,2250,2250
2021-04-18 22:21:09.329000,4174.249,4173.334,3610,3140
2021-04-18 22:21:09.380000,4174.267,4173.599,2250,2250
2021-04-18 22:21:10.655000,4174.301,4173.537,3610,3140
2021-04-18 22:21:10.705000,4174.361,4173.633,2250,2250
2021-04-18 22:21:10.814000,4174.252,4173.637,2250,890
2021-04-18 22:21:10.865000,4174.258,4173.542,2250,2250
2021-04-18 22:21:11.225000,4174.301,4173.642,2250,2250
2021-04-18 22:21:11.380000,4174.052,4173.649,2250,890
2021-04-18 22:21:11.430000,4174.052,4173.333,2250,2250
2021-04-18 22:21:23.160000,4174.264,4173.346,3610,3140
2021-04-18 22:21:23.210000,4174.246,4173.551,2250,2250
2021-04-18 22:21:23.827000,4174.361,4173.549,3610,3140
2021-04-18 22:21:23.878000,4174.367,4173.636,2250,2250
2021-04-18 22:21:35.758000,4174.558,4173.637,3610,3140
2021-04-18 22:21:35.808000,4174.561,4173.851,2250,2250
2021-04-18 22:21:39.067000,4174.358,4173.897,2250,890
2021-04-18 22:21:39.117000,4174.361,4173.651,2250,2250
2021-04-18 22:21:39.438000,4174.458,4173.631,3610,3140
2021-04-18 22:21:39.488000,4174.455,4173.733,2250,2250
2021-04-18 22:21:39.615000,4174.561,4173.854,2250,2250
2021-04-18 22:21:40.740000,4174.352,4173.852,2250,890
2021-04-18 22:21:40.791000,4174.355,4173.633,2250,2250
2021-04-18 22:21:59.474000,4174.552,4173.637,3610,3140
2021-04-18 22:21:59.524000,4174.546,4173.833,2250,2250
2021-04-18 22:22:00.772000,4174.352,4173.648,2250,2250
2021-04-18 22:22:35.558000,4174.049,4173.351,2250,2250
2021-04-18 22:23:10.261000,4174.258,4173.334,3610,3140
2021-04-18 22:23:10.311000,4174.246,4173.545,2250,2250
2021-04-18 22:23:10.751000,4174.361,4173.531,3610,3140
2021-04-18 22:23:10.801000,4174.301,4173.645,2250,2250
2021-04-18 22:23:12.212000,4174.001,4173.697,2250,890
2021-04-18 22:23:12.262000,4174.046,4173.339,2250,2250
2021-04-18 22:23:25.083000,4174.361,4173.651,2250,2250
2021-04-18 22:23:31.041000,4174.052,4173.649,2250,890
2021-04-18 22:23:31.092000,4174.046,4173.333,2250,2250
2021-04-18 22:23:50.297000,4173.867,4173.337,2250,890
2021-04-18 22:23:50.348000,4173.867,4173.142,2250,2250
2021-04-18 22:24:04.735000,4174.001,4173.143,3610,3140
2021-04-18 22:24:04.785000,4174.049,4173.348,2250,2250
2021-04-18 22:25:17.062000,4174.355,4173.349,3610,3140
2021-04-18 22:25:17.113000,4174.349,4173.648,2250,2250
2021-04-18 22:26:32.392000,4174.452,4173.637,3610,3140
2021-04-18 22:26:32.442000,4174.464,4173.754,2250,2250
2021-04-18 22:26:33.480000,4174.555,4173.743,3610,3140
2021-04-18 22:26:33.531000,4174.555,4173.833,2250,2250
2021-04-18 22:27:29.760000,4174.361,4173.843,2250,890
2021-04-18 22:27:29.810000,4174.364,4173.648,2250,2250
2021-04-18 22:27:34.789000,4174.446,4173.742,2250,2250
2021-04-18 22:27:36.126000,4174.549,4173.737,3610,3140
2021-04-18 22:27:36.176000,4174.501,4173.845,2250,2250
2021-04-18 22:27:37.483000,4174.561,4173.634,3610,3140
2021-04-18 22:27:37.534000,4174.364,4173.636,2250,2250
2021-04-18 22:28:02.099000,4174.558,4173.652,3610,3140
2021-04-18 22:28:02.149000,4174.549,4173.842,2250,2250
2021-04-18 22:28:54.280000,4174.352,4173.642,2250,2250
2021-04-18 22:29:49.099000,4174.558,4173.649,3610,3140
2021-04-18 22:29:49.149000,4174.549,4173.839,2250,2250
2021-04-18 22:30:18.823000,4174.861,4173.846,3610,3140
2021-04-18 22:30:18.873000,4174.846,4174.151,2250,2250
2021-04-18 22:30:21.043000,4174.567,4174.137,2250,890
2021-04-18 22:30:21.093000,4174.561,4173.851,2250,2250
2021-04-18 22:30:32.816000,4174.849,4173.834,3610,3140
2021-04-18 22:30:32.867000,4174.855,4174.139,2250,2250
2021-04-18 22:32:43.620000,4174.552,4174.134,2250,890
2021-04-18 22:32:43.671000,4174.564,4173.899,2250,2250
2021-04-18 22:32:52.717000,4174.867,4173.834,3610,3140
2021-04-18 22:32:52.768000,4174.801,4174.133,2250,2250
2021-04-18 22:32:52.875000,4174.549,4174.149,2250,890
2021-04-18 22:32:52.925000,4174.558,4173.848,2250,2250
2021-04-18 22:33:03.158000,4174.849,4174.145,2250,2250
2021-04-18 22:33:03.701000,4174.567,4174.152,2250,890
2021-04-18 22:33:03.751000,4174.549,4173.851,2250,2250
2021-04-18 22:33:51.474000,4174.801,4173.84,3610,3140
2021-04-18 22:33:51.524000,4174.855,4174.133,2250,2250
2021-04-18 22:34:50.281000,4174.501,4173.854,2250,2250
2021-04-18 22:35:05.637000,4174.861,4173.831,3610,3140
2021-04-18 22:35:05.688000,4174.861,4174.148,2250,2250
2021-04-18 22:35:06.913000,4174.549,4174.131,2250,890
2021-04-18 22:35:06.964000,4174.501,4173.833,2250,2250
2021-04-18 22:35:59.603000,4174.864,4173.849,3610,3140
2021-04-18 22:35:59.654000,4174.855,4174.142,2250,2250
2021-04-18 22:39:30.423000,4175.058,4174.131,3610,3140
2021-04-18 22:39:30.474000,4175.061,4174.345,2250,2250
2021-04-18 22:39:33.373000,4174.858,4174.136,2250,2250
2021-04-18 22:39:33.650000,4175.064,4174.146,3610,3140
2021-04-18 22:39:33.700000,4175.049,4174.354,2250,2250
2021-04-18 22:44:33.835000,4175.054,4174.343,610,890
2021-04-18 22:44:33.885000,4175.352,4174.645,2250,2250
2021-04-18 22:45:11.312000,4175.052,4174.643,2250,890
2021-04-18 22:45:11.363000,4175.061,4174.351,2250,2250
2021-04-18 22:45:43.051000,4175.346,4174.337,3610,3140
2021-04-18 22:45:43.101000,4175.355,4174.654,2250,2250
2021-04-18 22:46:18.244000,4175.0,4174.651,10,2250
2021-04-18 22:50:43.102000,4175.0,4174.643,10,890
2021-04-18 22:53:37.243000,4175.0,4174.634,10,3140
2021-04-18 22:54:58.677000,4175.858,4175.142,2250,2250
2021-04-18 22:55:00.030000,4176.064,4175.131,3610,3140
2021-04-18 22:55:00.080000,4176.049,4175.348,2250,2250
2021-04-18 22:55:00.194000,4175.801,4175.154,2250,2250
2021-04-18 22:55:11.089000,4176.052,4175.197,3610,3140
2021-04-18 22:55:11.140000,4176.049,4175.354,2250,2250
2021-04-18 22:55:19.771000,4175.858,4175.352,2250,890
2021-04-18 22:55:19.821000,4175.801,4175.154,2250,2250
2021-04-18 22:55:32.531000,4176.052,4175.146,3610,3140
2021-04-18 22:55:32.582000,4176.052,4175.336,2250,2250
2021-04-18 22:55:50.969000,4175.855,4175.334,2250,890
2021-04-18 22:55:51.019000,4175.855,4175.142,2250,2250
2021-04-18 22:55:52.676000,4176.064,4175.143,3610,3140
2021-04-18 22:55:52.726000,4176.049,4175.339,2250,2250
2021-04-18 22:56:37.588000,4176.367,4175.352,3610,3140
2021-04-18 22:56:37.639000,4176.349,4175.633,2250,2250
2021-04-18 22:56:39.567000,4176.067,4175.631,2250,890
2021-04-18 22:56:39.617000,4176.055,4175.399,2250,2250
2021-04-18 22:56:39.731000,4176.346,4175.334,3610,3140
2021-04-18 22:56:39.782000,4176.361,4175.651,2250,2250
2021-04-18 22:56:49.700000,4176.001,4175.643,2250,890
2021-04-18 22:56:49.751000,4176.061,4175.351,2250,2250
2021-04-18 22:56:50.029000,4176.358,4175.337,3610,3140
2021-04-18 22:56:50.079000,4176.349,4175.654,2250,2250
2021-04-18 22:56:54.058000,4176.055,4175.652,2250,890
2021-04-18 22:56:54.108000,4176.064,4175.342,2250,2250
2021-04-18 22:56:54.579000,4176.361,4175.349,3610,3140
2021-04-18 22:56:54.629000,4176.349,4175.639,2250,2250
2021-04-18 22:56:56.521000,4176.049,4175.649,2250,890
2021-04-18 22:56:56.571000,4176.058,4175.348,2250,2250
2021-04-18 22:57:00.220000,4176.352,4175.346,3610,3140
2021-04-18 22:57:00.271000,4176.367,4175.654,2250,2250
2021-04-18 22:57:00.420000,4176.055,4175.345,2250,2250
2021-04-18 22:57:01.157000,4176.346,4175.352,3610,3140
2021-04-18 22:57:01.208000,4176.367,4175.639,2250,2250
2021-04-18 22:57:01.833000,4176.046,4175.634,2250,890
2021-04-18 22:57:01.883000,4176.046,4175.351,2250,2250
2021-04-18 22:57:02.151000,4176.355,4175.397,3610,3140
2021-04-18 22:57:02.201000,4176.358,4175.654,2250,2250
2021-04-18 22:57:05.608000,4176.061,4175.649,2250,890
2021-04-18 22:57:05.658000,4176.064,4175.351,2250,2250
2021-04-18 22:57:05.768000,4176.367,4175.337,3610,3140
2021-04-18 22:57:05.818000,4176.364,4175.648,2250,2250
2021-04-18 22:57:35.316000,4176.561,4175.631,3610,3140
2021-04-18 22:57:35.367000,4176.567,4175.899,2250,2250
2021-04-18 22:57:40.054000,4176.355,4175.846,2250,890
2021-04-18 22:57:40.104000,4176.355,4175.648,2250,2250
2021-04-18 22:58:06.105000,4176.561,4175.637,3610,3140
2021-04-18 22:58:06.156000,4176.549,4175.836,2250,2250
2021-04-18 22:58:06.266000,4176.301,4175.834,2250,890
2021-04-18 22:58:06.316000,4176.367,4175.636,2250,2250
2021-04-18 22:58:44.422000,4176.358,4175.343,3610,3140
2021-04-18 22:58:44.472000,4176.067,4175.342,2250,2250
2021-04-18 23:00:02.402000,4175.852,4175.397,2250,890
2021-04-18 23:00:02.452000,4175.867,4175.139,2250,2250
2021-04-18 23:00:08.682000,4175.561,4175.137,2250,890
2021-04-18 23:00:08.733000,4175.501,4174.842,2250,2250
2021-04-18 23:00:08.836000,4175.761,4174.843,3610,3140
2021-04-18 23:00:08.886000,4175.752,4175.099,2250,2250
2021-04-18 23:00:09.157000,4175.561,4175.052,2250,890
2021-04-18 23:00:09.207000,4175.552,4174.842,2250,2250
2021-04-18 23:00:09.915000,4175.867,4174.837,3610,3140
2021-04-18 23:00:09.966000,4175.858,4175.154,2250,2250
2021-04-18 23:00:41.368000,4175.546,4175.14,2250,890
2021-04-18 23:00:41.418000,4175.567,4174.839,2250,2250
2021-04-18 23:00:51.366000,4175.855,4174.897,3610,3140
2021-04-18 23:00:51.416000,4175.861,4175.139,2250,2250
2021-04-18 23:00:56.828000,4175.567,4175.131,2250,890
2021-04-18 23:00:56.878000,4175.567,4174.845,2250,2250
2021-04-18 23:00:56.988000,4175.861,4174.846,3610,3140
2021-04-18 23:00:57.038000,4175.849,4175.136,2250,2250
2021-04-18 23:01:45.275000,4176.001,4175.197,3610,3140
2021-04-18 23:01:45.326000,4176.046,4175.339,2250,2250
2021-04-18 23:01:59.124000,4175.867,4175.346,2250,890
2021-04-18 23:01:59.175000,4175.867,4175.145,2250,2250
2021-04-18 23:02:01.296000,4176.046,4175.152,3610,3140
2021-04-18 23:02:01.347000,4176.064,4175.333,2250,2250
2021-04-18 23:02:01.798000,4175.855,4175.331,2250,890
2021-04-18 23:02:01.848000,4175.864,4175.142,2250,2250
2021-04-18 23:02:02.277000,4176.058,4175.146,3610,3140
2021-04-18 23:02:02.327000,4176.055,4175.336,2250,2250
2021-04-18 23:02:02.448000,4175.855,4175.331,2250,890
2021-04-18 23:02:02.498000,4175.801,4175.199,2250,2250
2021-04-18 23:02:29.167000,4175.352,4175.146,2250,890
2021-04-18 23:02:29.217000,4175.352,4174.645,2250,2250
2021-04-18 23:02:29.326000,4175.501,4174.631,3610,3140
2021-04-18 23:02:29.377000,4175.558,4174.842,2250,2250
2021-04-18 23:02:44.271000,4175.452,4174.849,2250,890
2021-04-18 23:02:44.322000,4175.464,4174.799,2250,2250
2021-04-18 23:02:49.380000,4175.355,4174.731,2250,890
2021-04-18 23:02:49.430000,4175.346,4174.636,2250,2250
2021-04-18 23:02:49.540000,4175.501,4174.697,3610,3140
2021-04-18 23:02:49.590000,4175.546,4174.854,2250,2250
2021-04-18 23:02:58.526000,4175.458,4174.849,2250,890
2021-04-18 23:02:58.577000,4175.467,4174.748,2250,2250
2021-04-18 23:02:58.689000,4175.552,4174.737,3610,3140
2021-04-18 23:02:58.739000,4175.561,4174.851,2250,2250
2021-04-18 23:04:18.421000,4175.767,4175.054,2250,2250
2021-04-18 23:04:18.847000,4175.852,4175.046,3610,3140
2021-04-18 23:04:18.898000,4175.855,4175.154,2250,2250
2021-04-18 23:04:23.546000,4175.564,4175.152,2250,890
2021-04-18 23:04:23.596000,4175.549,4174.851,2250,2250
2021-04-18 23:04:27.669000,4175.861,4175.133,2250,2250
2021-04-18 23:04:37.810000,4175.746,4175.14,2250,890
2021-04-18 23:04:37.860000,4175.767,4175.051,2250,2250
2021-04-18 23:04:38.950000,4175.846,4175.034,3610,3140
2021-04-18 23:04:39.000000,4175.864,4175.139,2250,2250
2021-04-18 23:04:40.720000,4175.749,4175.14,2250,890
2021-04-18 23:04:40.770000,4175.758,4175.039,2250,2250
2021-04-18 23:04:40.957000,4175.561,4175.049,2250,890
2021-04-18 23:04:41.007000,4175.561,4174.851,2250,2250
2021-04-18 23:05:02.438000,4175.861,4174.834,3610,3140
2021-04-18 23:05:02.488000,4175.849,4175.148,2250,2250
2021-04-18 23:05:13.637000,4176.067,4175.197,3610,3140
2021-04-18 23:05:13.688000,4176.055,4175.345,2250,2250
2021-04-18 23:05:30.285000,4176.255,4175.34,3610,3140
2021-04-18 23:05:30.336000,4176.246,4175.542,2250,2250
2021-04-18 23:05:31.053000,4176.301,4175.651,2250,2250
2021-04-18 23:05:38.215000,4176.052,4175.631,2250,890
2021-04-18 23:05:38.265000,4176.046,4175.345,2250,2250
2021-04-18 23:05:38.646000,4176.246,4175.542,2250,2250
2021-04-18 23:05:39.400000,4176.052,4175.54,2250,890
2021-04-18 23:05:39.450000,4176.064,4175.339,2250,2250
2021-04-18 23:05:40.003000,4176.364,4175.337,3610,3140
2021-04-18 23:05:40.054000,4176.346,4175.645,2250,2250
2021-04-18 23:05:40.165000,4176.267,4175.643,2250,890
2021-04-18 23:05:40.215000,4176.258,4175.545,2250,2250
2021-04-18 23:05:41.612000,4176.058,4175.549,2250,890
2021-04-18 23:05:41.663000,4176.067,4175.345,2250,2250
2021-04-18 23:06:13.560000,4175.867,4175.397,2250,890
2021-04-18 23:06:13.610000,4175.801,4175.199,2250,2250
2021-04-18 23:06:14.745000,4176.052,4175.354,2250,2250
2021-04-18 23:06:16.645000,4175.901,4175.352,2250,890
2021-04-18 23:06:16.695000,4175.961,4175.251,2250,2250
2021-04-18 23:06:17.272000,4175.801,4175.234,2250,890
2021-04-18 23:06:17.322000,4175.801,4175.142,2250,2250
2021-04-18 23:06:17.593000,4176.058,4175.342,2250,2250
2021-04-18 23:06:24.385000,4175.852,4175.397,2250,890
2021-04-18 23:06:24.435000,4175.858,4175.199,2250,2250
2021-04-18 23:06:24.804000,4176.046,4175.134,3610,3140
2021-04-18 23:06:24.854000,4176.049,4175.354,2250,2250
2021-04-18 23:06:25.308000,4175.967,4175.236,2250,2250
2021-04-18 23:06:25.842000,4176.001,4175.297,3610,3140
2021-04-18 23:06:25.893000,4176.055,4175.339,2250,2250
2021-04-18 23:06:27.315000,4175.949,4175.331,2250,890
2021-04-18 23:06:27.366000,4175.958,4175.251,2250,2250
2021-04-18 23:06:28.402000,4175.858,4175.243,2250,890
2021-04-18 23:06:28.452000,4175.867,4175.142,2250,2250
2021-04-18 23:07:27.133000,4175.964,4175.14,3610,3140
2021-04-18 23:07:27.183000,4175.964,4175.236,2250,2250
2021-04-18 23:07:28.834000,4176.055,4175.24,3610,3140
2021-04-18 23:07:28.884000,4176.067,4175.399,2250,2250
2021-04-18 23:08:26.993000,4176.258,4175.343,3610,3140
2021-04-18 23:08:27.043000,4176.246,4175.599,2250,2250
2021-04-18 23:08:27.213000,4176.058,4175.339,2250,2250
2021-04-18 23:08:27.874000,4176.301,4175.648,2250,2250
2021-04-18 23:08:46.029000,4176.561,4175.899,2250,2250
2021-04-18 23:08:56.263000,4176.352,4175.645,2250,2250
2021-04-18 23:10:09.892000,4176.464,4175.745,2250,2250
2021-04-18 23:10:10.045000,4176.346,4175.749,2250,890
2021-04-18 23:10:10.096000,4176.346,4175.651,2250,2250
2021-04-18 23:10:51.748000,4176.052,4175.652,2250,890
2021-04-18 23:10:51.798000,4176.046,4175.333,2250,2250
2021-04-18 23:10:52.381000,4176.355,4175.34,3610,3140
2021-04-18 23:10:52.431000,4176.361,4175.645,2250,2250
2021-04-18 23:11:31.240000,4176.067,4175.634,2250,890
2021-04-18 23:11:31.291000,4176.001,4175.351,2250,2250
2021-04-18 23:11:32.910000,4176.264,4175.334,3610,3140
2021-04-18 23:11:32.961000,4176.249,4175.539,2250,2250
2021-04-18 23:11:33.071000,4176.361,4175.534,3610,3140
2021-04-18 23:11:33.121000,4176.358,4175.633,2250,2250
2021-04-18 23:11:50.306000,4176.067,4175.64,2250,890
2021-04-18 23:11:50.357000,4176.064,4175.351,2250,2250
2021-04-18 23:11:51.443000,4176.261,4175.34,3610,3140
2021-04-18 23:11:51.494000,4176.201,4175.533,2250,2250
2021-04-18 23:11:52.369000,4176.067,4175.348,2250,2250
2021-04-18 23:12:01.819000,4176.001,4175.652,2250,890
2021-04-18 23:12:01.870000,4176.352,4175.639,2250,2250
2021-04-18 23:12:02.622000,4176.049,4175.643,2250,890
2021-04-18 23:12:02.672000,4176.067,4175.399,2250,2250
2021-04-18 23:12:03.924000,4176.264,4175.542,2250,2250
2021-04-18 23:12:04.196000,4176.001,4175.597,2250,890
2021-04-18 23:12:04.246000,4176.064,4175.351,2250,2250
2021-04-18 23:12:04.356000,4176.346,4175.34,3610,3140
2021-04-18 23:12:04.406000,4176.364,4175.633,2250,2250
2021-04-18 23:12:07.397000,4176.061,4175.643,2250,890
2021-04-18 23:12:07.447000,4176.064,4175.333,2250,2250
2021-04-18 23:12:10.692000,4176.358,4175.337,3610,3140
2021-04-18 23:12:10.742000,4176.346,4175.633,2250,2250
2021-04-18 23:12:14.429000,4176.046,4175.631,2250,890
2021-04-18 23:12:14.479000,4176.064,4175.333,2250,2250
2021-04-18 23:12:15.421000,4176.358,4175.352,3610,3140
2021-04-18 23:12:15.472000,4176.346,4175.633,2250,2250
2021-04-18 23:12:19.567000,4176.064,4175.652,2250,890
2021-04-18 23:12:19.617000,4176.067,4175.342,2250,2250
2021-04-18 23:12:46.046000,4176.301,4175.331,3610,3140
2021-04-18 23:12:46.097000,4176.301,4175.651,2250,2250
2021-04-18 23:12:49.277000,4176.055,4175.649,2250,890
2021-04-18 23:12:49.327000,4176.061,4175.333,2250,2250
2021-04-18 23:13:06.303000,4176.361,4175.34,3610,3140
2021-04-18 23:13:06.354000,4176.352,4175.645,2250,2250
2021-04-18 23:14:52.531000,4176.055,4175.339,2250,2250
2021-04-18 23:15:24.547000,4176.364,4175.699,2250,2250
2021-04-18 23:15:26.528000,4176.049,4175.339,2250,2250
2021-04-18 23:15:27.422000,4176.055,4175.697,2250,890
2021-04-18 23:15:27.472000,4176.361,4175.642,2250,2250
2021-04-18 23:15:28.595000,4176.252,4175.652,2250,890
2021-04-18 23:15:28.645000,4176.261,4175.533,2250,2250
2021-04-18 23:15:28.956000,4176.052,4175.543,2250,890
2021-04-18 23:15:29.007000,4176.064,4175.342,2250,2250
2021-04-18 23:16:12.914000,4175.846,4175.34,2250,890
2021-04-18 23:16:12.964000,4175.855,4175.136,2250,2250
2021-04-18 23:17:06.243000,4175.558,4175.137,2250,890
2021-04-18 23:17:06.293000,4175.564,4174.839,2250,2250
2021-04-18 23:17:18.455000,4175.864,4174.846,3610,3140
2021-04-18 23:17:18.506000,4175.852,4175.145,2250,2250
2021-04-18 23:17:26.493000,4175.558,4175.14,2250,890
2021-04-18 23:17:26.544000,4175.546,4174.842,2250,2250
2021-04-18 23:18:12.953000,4175.367,4174.834,2250,890
2021-04-18 23:18:13.004000,4175.301,4174.636,2250,2250
2021-04-18 23:18:16.330000,4175.555,4174.643,3610,3140
2021-04-18 23:18:16.380000,4175.561,4174.833,2250,2250
2021-04-18 23:18:16.489000,4175.352,4174.831,2250,890
2021-04-18 23:18:16.539000,4175.364,4174.636,2250,2250
2021-04-18 23:18:17.301000,4175.552,4174.631,3610,3140
2021-04-18 23:18:17.352000,4175.552,4174.848,2250,2250
2021-04-18 23:18:18.911000,4175.355,4174.837,2250,890
2021-04-18 23:18:18.962000,4175.361,4174.699,2250,2250
2021-04-18 23:18:19.651000,4175.549,4174.643,3610,3140
2021-04-18 23:18:19.701000,4175.546,4174.899,2250,2250
2021-04-18 23:18:21.977000,4175.364,4174.897,2250,890
2021-04-18 23:18:22.027000,4175.352,4174.654,2250,2250
2021-04-18 23:18:25.998000,4175.549,4174.637,3610,3140
2021-04-18 23:18:26.049000,4175.546,4174.836,2250,2250
2021-04-18 23:20:00.245000,4175.855,4174.849,3610,3140
2021-04-18 23:20:00.296000,4175.846,4175.136,2250,2250
2021-04-18 23:21:00.650000,4175.967,4175.131,3610,3140
2021-04-18 23:21:00.700000,4175.949,4175.299,2250,2250
2021-04-18 23:21:01.116000,4175.961,4175.14,3610,3140
2021-04-18 23:21:01.166000,4175.801,4175.154,2250,2250
2021-04-18 23:21:12.954000,4175.958,4175.197,3610,3140
2021-04-18 23:21:13.005000,4175.961,4175.254,2250,2250
2021-04-18 23:21:13.109000,4176.061,4175.234,3610,3140
2021-04-18 23:21:13.160000,4176.046,4175.345,2250,2250
2021-04-18 23:21:19.537000,4175.801,4175.346,2250,890
2021-04-18 23:21:19.587000,4175.861,4175.142,2250,2250
2021-04-18 23:21:19.702000,4176.067,4175.14,3610,3140
2021-04-18 23:21:19.753000,4176.001,4175.399,2250,2250
2021-04-18 23:21:36.222000,4175.855,4175.34,2250,890
2021-04-18 23:21:36.272000,4175.858,4175.142,2250,2250
2021-04-18 23:22:07.143000,4175.701,4175.197,2250,890
2021-04-18 23:22:07.193000,4175.755,4175.045,2250,2250
2021-04-18 23:22:15.882000,4175.849,4175.097,3610,3140
2021-04-18 23:22:15.932000,4175.852,4175.148,2250,2250
2021-04-18 23:23:56.050000,4175.755,4175.146,2250,890
2021-04-18 23:23:56.100000,4175.701,4175.033,2250,2250
2021-04-18 23:23:56.430000,4175.849,4175.043,3610,3140
2021-04-18 23:23:56.481000,4175.861,4175.199,2250,2250
2021-04-18 23:23:59.994000,4175.555,4175.14,2250,890
2021-04-18 23:24:00.045000,4175.564,4174.899,2250,2250
2021-04-18 23:24:01.844000,4175.861,4174.84,3610,3140
2021-04-18 23:24:01.894000,4175.846,4175.151,2250,2250
2021-04-18 23:24:02.463000,4175.501,4175.131,2250,890
2021-04-18 23:24:02.513000,4175.561,4174.842,2250,2250
2021-04-18 23:24:02.624000,4175.749,4174.897,3610,3140
2021-04-18 23:24:02.675000,4175.755,4175.054,2250,2250
2021-04-18 23:24:04.198000,4175.558,4174.854,2250,2250
2021-04-18 23:24:05.767000,4175.849,4174.831,3610,3140
2021-04-18 23:24:05.817000,4175.846,4175.148,2250,2250
2021-04-18 23:25:51.088000,4175.549,4175.152,2250,890
2021-04-18 23:25:51.138000,4175.552,4174.854,2250,2250
2021-04-18 23:26:05.195000,4175.861,4174.846,3610,3140
2021-04-18 23:26:05.246000,4175.852,4175.139,2250,2250
2021-04-18 23:26:05.355000,4175.546,4175.149,2250,890
2021-04-18 23:26:05.405000,4175.561,4174.851,2250,2250
2021-04-18 23:26:21.226000,4175.858,4174.84,3610,3140
2021-04-18 23:26:21.277000,4175.864,4175.136,2250,2250
2021-04-18 23:26:22.114000,4175.746,4175.146,2250,890
2021-04-18 23:26:22.164000,4175.767,4175.048,2250,2250
2021-04-18 23:26:22.925000,4175.549,4175.034,2250,890
2021-04-18 23:26:22.976000,4175.567,4174.845,2250,2250
2021-04-18 23:26:41.227000,4175.858,4174.849,3610,3140
2021-04-18 23:26:41.277000,4175.858,4175.154,2250,2250
2021-04-18 23:26:43.884000,4175.746,4175.197,2250,890
2021-04-18 23:26:43.934000,4175.746,4175.054,2250,2250
2021-04-18 23:26:44.767000,4175.761,4174.837,3610,3140
2021-04-18 23:26:44.817000,4175.555,4174.845,2250,2250
2021-04-18 23:29:31.908000,4175.355,4174.837,2250,890
2021-04-18 23:29:31.958000,4175.367,4174.636,2250,2250
2021-04-18 23:30:05.931000,4175.201,4174.631,2250,890
2021-04-18 23:30:05.982000,4175.261,4174.539,2250,2250
2021-04-18 23:30:06.090000,4174.858,4174.549,2250,890
2021-04-18 23:30:06.140000,4174.861,4174.154,2250,2250
2021-04-18 23:30:31.035000,4175.061,4174.152,3610,3140
2021-04-18 23:30:31.085000,4175.067,4174.354,2250,2250
2021-04-18 23:30:52.253000,4174.861,4174.34,2250,890
2021-04-18 23:30:52.304000,4174.858,4174.142,2250,2250
2021-04-18 23:30:56.495000,4175.067,4174.146,3610,3140
2021-04-18 23:30:56.546000,4175.055,4174.336,2250,2250
2021-04-18 23:31:01.566000,4174.955,4174.236,2250,2250
2021-04-18 23:31:01.766000,4174.858,4174.252,2250,890
2021-04-18 23:31:01.816000,4174.846,4174.199,2250,2250
2021-04-18 23:31:20.711000,4175.049,4174.152,3610,3140
2021-04-18 23:31:20.762000,4175.067,4174.351,2250,2250
2021-04-18 23:31:22.437000,4174.849,4174.331,2250,890
2021-04-18 23:31:22.488000,4174.861,4174.142,2250,2250
2021-04-18 23:31:28.560000,4175.067,4174.143,3610,3140
2021-04-18 23:31:28.611000,4175.052,4174.354,2250,2250
2021-04-18 23:31:37.445000,4174.864,4174.334,2250,890
2021-04-18 23:31:37.495000,4174.801,4174.148,2250,2250
2021-04-18 23:31:38.309000,4174.967,4174.14,3610,3140
2021-04-18 23:31:38.359000,4174.955,4174.254,2250,2250
2021-04-18 23:31:38.469000,4175.052,4174.243,3610,3140
2021-04-18 23:31:38.519000,4175.061,4174.354,2250,2250
2021-04-18 23:31:40.427000,4174.855,4174.337,2250,890
2021-04-18 23:31:40.477000,4174.867,4174.199,2250,2250
2021-04-18 23:31:40.586000,4175.061,4174.14,3610,3140
2021-04-18 23:31:40.636000,4175.052,4174.399,2250,2250
2021-04-18 23:32:25.792000,4175.349,4174.349,3610,3140
2021-04-18 23:32:25.843000,4175.364,4174.642,2250,2250
2021-04-18 23:32:32.751000,4175.467,4174.646,3610,3140
2021-04-18 23:32:32.802000,4175.467,4174.742,2250,2250
2021-04-18 23:32:33.495000,4175.555,4174.734,3610,3140
2021-04-18 23:32:33.545000,4175.561,4174.848,2250,2250
2021-04-18 23:33:54.724000,4175.449,4174.837,2250,890
2021-04-18 23:33:54.774000,4175.464,4174.751,2250,2250
2021-04-18 23:33:56.592000,4175.561,4174.731,3610,3140
2021-04-18 23:33:56.643000,4175.549,4174.842,2250,2250
2021-04-18 23:34:06.647000,4175.561,4174.697,3610,3140
2021-04-18 23:34:06.697000,4175.358,4174.651,2250,2250
2021-04-18 23:34:07.034000,4175.501,4174.649,3610,3140
2021-04-18 23:34:07.085000,4175.501,4174.836,2250,2250
2021-04-18 23:34:14.822000,4175.461,4174.834,2250,890
2021-04-18 23:34:14.872000,4175.455,4174.799,2250,2250
2021-04-18 23:34:19.029000,4175.367,4174.639,2250,2250
2021-04-18 23:34:19.147000,4175.558,4174.649,3610,3140
2021-04-18 23:34:19.198000,4175.552,4174.839,2250,2250
2021-04-18 23:34:41.683000,4175.401,4174.846,2250,890
2021-04-18 23:34:41.734000,4175.455,4174.742,2250,2250
2021-04-18 23:34:42.329000,4175.555,4174.746,3610,3140
2021-04-18 23:34:42.380000,4175.558,4174.836,2250,2250
2021-04-18 23:34:52.388000,4175.401,4174.748,2250,2250
2021-04-18 23:34:59.133000,4175.549,4174.74,3610,3140
2021-04-18 23:34:59.183000,4175.501,4174.845,2250,2250
2021-04-18 23:35:02.029000,4175.455,4174.84,2250,890
2021-04-18 23:35:02.079000,4175.461,4174.748,2250,2250
2021-04-18 23:35:02.193000,4175.446,4174.64,3610,3140
2021-04-18 23:35:02.243000,4175.358,4174.648,2250,2250
2021-04-18 23:35:04.970000,4175.549,4174.652,3610,3140
2021-04-18 23:35:05.021000,4175.558,4174.836,2250,2250
2021-04-18 23:35:08.691000,4175.452,4174.849,2250,890
2021-04-18 23:35:08.741000,4175.464,4174.745,2250,2250
2021-04-18 23:35:10.154000,4175.401,4174.897,2250,890
2021-04-18 23:35:10.204000,4175.564,4174.845,2250,2250
2021-04-18 23:35:41.365000,4175.352,4174.84,2250,890
2021-04-18 23:35:41.415000,4175.355,4174.636,2250,2250
2021-04-18 23:35:43.809000,4175.555,4174.646,3610,3140
2021-04-18 23:35:43.859000,4175.546,4174.842,2250,2250
2021-04-18 23:35:53.843000,4175.352,4174.843,2250,890
2021-04-18 23:35:53.894000,4175.355,4174.639,2250,2250
2021-04-18 23:39:32.410000,4175.058,4174.649,2250,890
2021-04-18 23:39:32.460000,4175.067,4174.342,2250,2250
2021-04-18 23:39:47.909000,4175.358,4174.346,3610,3140
2021-04-18 23:39:47.960000,4175.358,4174.636,2250,2250
2021-04-18 23:39:58.795000,4175.001,4174.631,2250,890
2021-04-18 23:39:58.845000,4175.049,4174.354,2250,2250
2021-04-18 23:40:21.522000,4175.046,4174.131,3610,3140
2021-04-18 23:40:21.572000,4174.801,4174.139,2250,2250
2021-04-18 23:40:37.850000,4174.564,4174.143,2250,890
2021-04-18 23:40:37.900000,4174.501,4173.833,2250,2250
2021-04-18 23:41:21.685000,4174.446,4173.897,2250,890
2021-04-18 23:41:21.735000,4174.401,4173.736,2250,2250
2021-04-18 23:41:22.343000,4174.358,4173.734,2250,890
2021-04-18 23:41:22.393000,4174.301,4173.648,2250,2250
2021-04-18 23:41:27.889000,4174.552,4173.631,3610,3140
2021-04-18 23:41:27.939000,4174.546,4173.899,2250,2250
2021-04-18 23:41:31.726000,4174.352,4173.699,2250,2250
2021-04-18 23:41:38.900000,4174.301,4173.831,2250,890
2021-04-18 23:41:38.950000,4174.561,4173.851,2250,2250
2021-04-18 23:41:40.009000,4174.301,4173.831,2250,890
2021-04-18 23:41:40.060000,4174.355,4173.699,2250,2250
2021-04-18 23:41:46.088000,4174.552,4173.64,3610,3140
2021-04-18 23:41:46.138000,4174.567,4173.839,2250,2250
2021-04-18 23:42:18.932000,4174.301,4173.645,2250,2250
2021-04-18 23:42:35.684000,4174.061,4173.64,2250,890
2021-04-18 23:42:35.735000,4174.052,4173.351,2250,2250
2021-04-18 23:42:51.966000,4174.367,4173.648,2250,2250
2021-04-18 23:42:58.898000,4174.052,4173.333,2250,2250
2021-04-18 23:42:59.057000,4174.058,4173.652,2250,890
2021-04-18 23:42:59.108000,4174.355,4173.636,2250,2250
2021-04-18 23:43:00.224000,4174.049,4173.631,2250,890
2021-04-18 23:43:00.275000,4174.058,4173.345,2250,2250
2021-04-18 23:43:11.156000,4174.246,4173.331,3610,3140
2021-04-18 23:43:11.207000,4174.252,4173.539,2250,2250
2021-04-18 23:43:11.385000,4174.061,4173.537,2250,890
2021-04-18 23:43:11.436000,4174.055,4173.345,2250,2250
2021-04-18 23:43:25.971000,4174.246,4173.533,2250,2250
2021-04-18 23:43:26.389000,4174.001,4173.597,2250,890
2021-04-18 23:43:26.439000,4174.067,4173.351,2250,2250
2021-04-18 23:43:26.865000,4174.201,4173.346,3610,3140
2021-04-18 23:43:26.916000,4174.258,4173.533,2250,2250
2021-04-18 23:43:31.326000,4174.358,4173.537,3610,3140
2021-04-18 23:43:31.376000,4174.367,4173.648,2250,2250
2021-04-18 23:43:47.959000,4174.358,4173.349,3610,3140
2021-04-18 23:43:48.009000,4174.049,4173.348,2250,2250
2021-04-18 23:44:07.326000,4174.367,4173.34,3610,3140
2021-04-18 23:44:07.376000,4174.352,4173.648,2250,2250
2021-04-18 23:44:30.770000,4174.561,4173.631,3610,3140
2021-04-18 23:44:30.820000,4174.561,4173.848,2250,2250
2021-04-18 23:44:42.700000,4174.546,4173.737,3610,3140
2021-04-18 23:44:42.750000,4174.467,4173.733,2250,2250
2021-04-18 23:44:48.890000,4174.464,4173.837,2250,890
2021-04-18 23:44:48.941000,4174.501,4173.851,2250,2250
2021-04-18 23:44:49.256000,4174.458,4173.837,2250,890
2021-04-18 23:44:49.306000,4174.455,4173.751,2250,2250
2021-04-18 23:44:49.507000,4174.561,4173.836,2250,2250
2021-04-18 23:44:51.566000,4174.458,4173.852,2250,890
2021-04-18 23:44:51.616000,4174.458,4173.739,2250,2250
2021-04-18 23:44:53.724000,4174.364,4173.74,2250,890
2021-04-18 23:44:53.774000,4174.355,4173.642,2250,2250
2021-04-18 23:45:19.552000,4174.301,4173.84,2250,890
2021-04-18 23:45:19.602000,4174.561,4173.851,2250,2250
2021-04-18 23:45:29.060000,4174.546,4174.146,2250,890
2021-04-18 23:45:29.110000,4174.849,4174.136,2250,2250
2021-04-18 23:45:29.538000,4174.801,4173.837,3610,3140
2021-04-18 23:45:29.589000,4174.501,4173.851,2250,2250
2021-04-18 23:45:58.226000,4174.867,4173.84,3610,3140
2021-04-18 23:45:58.276000,4174.864,4174.199,2250,2250
2021-04-18 23:46:17.042000,4175.061,4174.131,3610,3140
2021-04-18 23:46:17.092000,4175.061,4174.351,2250,2250
2021-04-18 23:47:07.720000,4174.858,4174.343,2250,890
2021-04-18 23:47:07.770000,4174.846,4174.145,2250,2250
2021-04-18 23:47:11.650000,4175.058,4174.149,3610,3140
2021-04-18 23:47:11.700000,4175.067,4174.333,2250,2250
2021-04-18 23:47:29.750000,4174.867,4174.337,2250,890
2021-04-18 23:47:29.801000,4174.864,4174.136,2250,2250
2021-04-18 23:48:17.404000,4174.546,4174.149,2250,890
2021-04-18 23:48:17.454000,4174.564,4173.842,2250,2250
2021-04-18 23:48:26.901000,4174.864,4173.843,3610,3140
2021-04-18 23:48:26.952000,4174.858,4174.154,2250,2250
2021-04-18 23:49:19.780000,4174.555,4174.14,2250,890
2021-04-18 23:49:19.830000,4174.564,4173.848,2250,2250
2021-04-18 23:49:21.521000,4174.855,4173.849,3610,3140
2021-04-18 23:49:21.571000,4174.858,4174.148,2250,2250
2021-04-18 23:49:33.331000,4174.755,4174.152,2250,890
2021-04-18 23:49:33.381000,4174.761,4174.036,2250,2250
2021-04-18 23:49:33.534000,4174.501,4173.833,2250,2250
2021-04-18 23:51:00.093000,4174.758,4174.045,2250,2250
2021-04-18 23:51:00.753000,4174.749,4174.197,2250,890
2021-04-18 23:51:00.803000,4174.855,4174.142,2250,2250
2021-04-18 23:51:00.903000,4174.567,4174.149,2250,890
2021-04-18 23:51:00.954000,4174.549,4173.842,2250,2250
2021-04-18 23:51:01.249000,4174.861,4173.843,3610,3140
2021-04-18 23:51:01.299000,4174.846,4174.142,2250,2250
2021-04-18 23:51:36.495000,4174.501,4174.137,2250,890
2021-04-18 23:51:36.546000,4174.549,4173.851,2250,2250
2021-04-18 23:52:01.163000,4174.861,4174.148,2250,2250
2021-04-18 23:52:01.959000,4174.549,4174.137,2250,890
2021-04-18 23:52:02.009000,4174.555,4173.848,2250,2250
2021-04-18 23:52:18.338000,4174.367,4173.831,2250,890
2021-04-18 23:52:18.389000,4174.346,4173.642,2250,2250
2021-04-18 23:52:50.823000,4174.001,4173.637,2250,890
2021-04-18 23:52:50.873000,4174.064,4173.348,2250,2250
2021-04-18 23:52:51.480000,4174.267,4173.349,3610,3140
2021-04-18 23:52:51.530000,4174.264,4173.545,2250,2250
2021-04-18 23:52:53.354000,4174.046,4173.531,2250,890
2021-04-18 23:52:53.404000,4174.064,4173.339,2250,2250
2021-04-18 23:53:10.017000,4174.001,4173.134,3610,3140
2021-04-18 23:53:10.067000,4173.849,4173.151,2250,2250
2021-04-18 23:53:12.179000,4173.501,4173.14,2250,890
2021-04-18 23:53:12.229000,4173.555,4172.851,2250,2250
2021-04-18 23:53:26.343000,4173.867,4172.846,3610,3140
2021-04-18 23:53:26.393000,4173.801,4173.136,2250,2250
2021-04-18 23:53:27.010000,4173.864,4172.852,3610,3140
2021-04-18 23:53:27.060000,4173.564,4172.848,2250,2250
2021-04-18 23:53:32.976000,4173.864,4172.849,3610,3140
2021-04-18 23:53:33.027000,4173.852,4173.136,2250,2250
2021-04-18 23:54:43.508000,4173.549,4173.152,2250,890
2021-04-18 23:54:43.558000,4173.567,4172.845,2250,2250
2021-04-18 23:55:17.379000,4173.052,4172.849,2250,890
2021-04-18 23:55:17.429000,4173.001,4172.336,2250,2250
2021-04-18 23:55:17.480000,4172.558,4171.833,2250,2250
2021-04-18 23:55:17.759000,4172.867,4171.834,3610,3140
2021-04-18 23:55:17.809000,4172.852,4172.148,2250,2250
2021-04-18 23:55:28.188000,4172.546,4172.143,2250,890
2021-04-18 23:55:28.238000,4172.561,4171.833,2250,2250
2021-04-18 23:55:28.964000,4172.549,4172.143,2250,890
2021-04-18 23:55:29.014000,4172.855,4172.154,2250,2250
2021-04-18 23:55:29.583000,4172.761,4172.197,2250,890
2021-04-18 23:55:29.633000,4172.761,4172.048,2250,2250
2021-04-18 23:55:29.884000,4172.567,4172.034,2250,890
2021-04-18 23:55:29.935000,4172.552,4171.848,2250,2250
2021-04-18 23:55:31.354000,4172.855,4171.849,3610,3140
2021-04-18 23:55:31.405000,4172.846,4172.154,2250,2250
2021-04-18 23:55:31.514000,4172.801,4171.84,3610,3140
2021-04-18 23:55:31.565000,4172.564,4171.851,2250,2250
2021-04-18 23:55:56.931000,4172.355,4171.84,2250,890
2021-04-18 23:55:56.982000,4172.358,4171.633,2250,2250
2021-04-18 23:55:58.585000,4172.501,4171.646,3610,3140
2021-04-18 23:55:58.635000,4172.555,4171.836,2250,2250
2021-04-18 23:55:58.746000,4172.467,4171.837,2250,890
2021-04-18 23:55:58.796000,4172.452,4171.748,2250,2250
2021-04-18 23:55:59.433000,4172.358,4171.749,2250,890
2021-04-18 23:55:59.483000,4172.346,4171.642,2250,2250
2021-04-18 23:56:00.515000,4172.552,4171.64,3610,3140
2021-04-18 23:56:00.565000,4172.561,4171.854,2250,2250
2021-04-18 23:56:00.837000,4172.446,4171.837,2250,890
2021-04-18 23:56:00.887000,4172.446,4171.799,2250,2250
2021-04-18 23:56:01.514000,4172.349,4171.74,2250,890
2021-04-18 23:56:01.564000,4172.367,4171.651,2250,2250
2021-04-18 23:56:01.664000,4172.564,4171.634,3610,3140
2021-04-18 23:56:01.714000,4172.567,4171.839,2250,2250
2021-04-18 23:56:01.984000,4172.355,4171.831,2250,890
2021-04-18 23:56:02.035000,4172.355,4171.639,2250,2250
2021-04-18 23:56:02.529000,4172.552,4171.649,3610,3140
2021-04-18 23:56:02.579000,4172.501,4171.848,2250,2250
2021-04-18 23:56:08.833000,4172.401,4171.897,2250,890
2021-04-18 23:56:08.883000,4172.458,4171.742,2250,2250
2021-04-18 23:56:11.069000,4172.367,4171.74,2250,890
2021-04-18 23:56:11.120000,4172.367,4171.639,2250,2250
2021-04-18 23:56:16.127000,4172.555,4171.64,3610,3140
2021-04-18 23:56:16.178000,4172.561,4171.842,2250,2250
2021-04-18 23:56:24.968000,4172.846,4171.84,3610,3140
2021-04-18 23:56:25.018000,4172.861,4172.154,2250,2250
2021-04-18 23:56:26.631000,4172.849,4171.897,3610,3140
2021-04-18 23:56:26.681000,4172.549,4171.848,2250,2250
2021-04-18 23:56:27.579000,4172.761,4171.834,3610,3140
2021-04-18 23:56:27.629000,4172.767,4172.054,2250,2250
2021-04-18 23:56:27.759000,4172.855,4172.031,3610,3140
2021-04-18 23:56:27.810000,4172.846,4172.139,2250,2250
2021-04-18 23:57:19.411000,4172.555,4171.839,2250,2250
2021-04-18 23:57:59.567000,4172.364,4171.846,2250,890
2021-04-18 23:57:59.617000,4172.301,4171.699,2250,2250
2021-04-18 23:58:00.003000,4172.561,4171.64,3610,3140
2021-04-18 23:58:00.053000,4172.558,4171.836,2250,2250
2021-04-18 23:58:00.163000,4172.367,4171.84,2250,890
2021-04-18 23:58:00.213000,4172.352,4171.633,2250,2250
2021-04-18 23:58:03.207000,4172.558,4171.697,3610,3140
2021-04-18 23:58:03.257000,4172.564,4171.851,2250,2250
2021-04-18 23:58:05.660000,4172.467,4171.831,2250,890
2021-04-18 23:58:05.711000,4172.449,4171.754,2250,2250
2021-04-18 23:58:05.824000,4172.549,4171.737,3610,3140
2021-04-18 23:58:05.874000,4172.558,4171.851,2250,2250
2021-04-18 23:58:08.759000,4172.455,4171.834,2250,890
2021-04-18 23:58:08.810000,4172.446,4171.754,2250,2250
2021-04-18 23:58:09.081000,4172.555,4171.737,3610,3140
2021-04-18 23:58:09.132000,4172.555,4171.836,2250,2250
2021-04-18 23:59:03.809000,4172.361,4171.837,2250,890
2021-04-18 23:59:03.859000,4172.358,4171.699,2250,2250
2021-04-18 23:59:06.305000,4172.555,4171.836,2250,2250
2021-04-18 23:59:06.635000,4172.358,4171.633,2250,2250
2021-04-18 23:59:16.280000,4172.546,4171.643,3610,3140
2021-04-18 23:59:16.330000,4172.567,4171.845,2250,2250
2021-04-18 23:59:59.323000,4172.301,4171.84,2250,890
2021-04-18 23:59:59.373000,4172.349,4171.633,2250,2250
