2021-04-29 00:00:00.616000,4196.864,4196.151,2250,3140
2021-04-29 00:00:00.666000,4196.852,4196.142,2250,2250
2021-04-29 00:00:04.154000,4196.854,4196.399,460,2250
2021-04-29 00:00:04.204000,4197.061,4196.333,2250,2250
2021-04-29 00:00:10.201000,4196.861,4196.154,2250,3140
2021-04-29 00:00:10.252000,4196.861,4196.151,2250,2250
2021-04-29 00:00:15.463000,4196.857,4196.399,460,2250
2021-04-29 00:00:15.513000,4197.001,4196.342,2250,2250
2021-04-29 00:00:38.296000,4196.849,4196.199,2250,3140
2021-04-29 00:00:38.346000,4196.852,4196.151,2250,2250
2021-04-29 00:01:08.864000,4196.86,4196.348,460,2250
2021-04-29 00:01:08.915000,4197.046,4196.345,2250,2250
2021-04-29 00:01:13.418000,4197.063,4196.633,460,2250
2021-04-29 00:01:13.468000,4197.367,4196.651,2250,2250
2021-04-29 00:01:13.916000,4197.063,4196.642,460,2250
2021-04-29 00:01:13.966000,4197.049,4196.399,2250,2250
2021-04-29 00:01:15.198000,4197.057,4196.651,460,2250
2021-04-29 00:01:15.351000,4197.301,4196.654,2250,2250
2021-04-29 00:01:16.073000,4197.064,4196.399,2250,3140
2021-04-29 00:01:16.124000,4197.052,4196.333,2250,2250
2021-04-29 00:01:31.149000,4196.867,4196.136,2250,3140
2021-04-29 00:01:31.199000,4196.864,4196.139,2250,2250
2021-04-29 00:02:22.742000,4196.56,4196.133,460,2250
2021-04-29 00:02:22.792000,4196.546,4195.848,2250,2250
2021-04-29 00:02:26.835000,4196.56,4196.142,460,2250
2021-04-29 00:02:26.886000,4196.864,4196.148,2250,2250
2021-04-29 00:02:27.480000,4196.549,4195.851,2250,3140
2021-04-29 00:02:27.531000,4196.561,4195.848,2250,2250
2021-04-29 00:02:29.903000,4196.548,4196.148,460,2250
2021-04-29 00:02:29.954000,4196.855,4196.148,2250,2250
2021-04-29 00:02:32.537000,4196.567,4195.899,2250,3140
2021-04-29 00:02:32.588000,4196.564,4195.854,2250,2250
2021-04-29 00:02:50.361000,4196.367,4195.648,2250,3140
2021-04-29 00:02:50.411000,4196.367,4195.654,2250,2250
2021-04-29 00:02:58.425000,4196.351,4195.799,460,2250
2021-04-29 00:02:58.475000,4196.455,4195.739,2250,2250
2021-04-29 00:02:58.581000,4196.364,4195.639,2250,3140
2021-04-29 00:02:58.632000,4196.301,4195.651,2250,2250
2021-04-29 00:03:02.260000,4196.36,4195.833,460,2250
2021-04-29 00:03:02.310000,4196.567,4195.899,2250,2250
2021-04-29 00:03:12.835000,4196.349,4195.645,2250,3140
2021-04-29 00:03:12.885000,4196.364,4195.648,2250,2250
2021-04-29 00:03:40.039000,4196.36,4196.148,460,2250
2021-04-29 00:03:40.090000,4196.867,4196.145,2250,2250
2021-04-29 00:03:55.029000,4196.501,4195.851,2250,3140
2021-04-29 00:03:55.079000,4196.552,4195.851,2250,2250
2021-04-29 00:04:11.450000,4196.56,4196.148,460,2250
2021-04-29 00:04:11.500000,4196.858,4196.133,2250,2250
2021-04-29 00:04:23.496000,4196.869,4196.351,460,2250
2021-04-29 00:04:23.546000,4197.049,4196.342,2250,2250
2021-04-29 00:04:42.449000,4197.067,4196.345,2250,3140
2021-04-29 00:04:42.500000,4197.301,4196.642,2250,2250
2021-04-29 00:05:08.531000,4197.564,4196.848,2250,2250
2021-04-29 00:05:47.542000,4197.364,4196.699,2250,3140
2021-04-29 00:05:47.592000,4197.358,4196.645,2250,2250
2021-04-29 00:05:48.337000,4197.549,4196.842,2250,2250
2021-04-29 00:05:57.268000,4197.355,4196.651,2250,3140
2021-04-29 00:05:57.318000,4197.349,4196.642,2250,2250
2021-04-29 00:06:08.945000,4197.351,4196.848,460,2250
2021-04-29 00:06:08.995000,4197.549,4196.854,2250,2250
2021-04-29 00:06:24.649000,4197.849,4197.145,2250,2250
2021-04-29 00:07:28.939000,4197.866,4197.351,460,2250
2021-04-29 00:07:28.990000,4198.058,4197.399,2250,2250
2021-04-29 00:09:02.332000,4198.057,4197.645,460,2250
2021-04-29 00:09:02.382000,4198.367,4197.648,2250,2250
2021-04-29 00:09:03.705000,4198.354,4198.145,460,2250
2021-04-29 00:09:03.755000,4198.858,4198.148,2250,2250
2021-04-29 00:09:03.865000,4198.848,4198.333,460,2250
2021-04-29 00:09:03.915000,4199.001,4198.351,2250,2250
2021-04-29 00:09:04.185000,4198.855,4198.148,2250,3140
2021-04-29 00:09:04.235000,4198.801,4198.139,2250,2250
2021-04-29 00:09:34.593000,4198.854,4198.336,460,2250
2021-04-29 00:09:34.644000,4199.001,4198.399,2250,2250
2021-04-29 00:09:34.791000,4198.861,4198.199,2250,2250
2021-04-29 00:09:48.329000,4198.558,4197.851,2250,2250
2021-04-29 00:09:50.640000,4198.852,4198.133,2250,2250
2021-04-29 00:09:51.885000,4198.555,4197.848,2250,3140
2021-04-29 00:09:51.935000,4198.549,4197.848,2250,2250
2021-04-29 00:10:00.394000,4198.566,4198.136,460,2250
2021-04-29 00:10:00.445000,4198.864,4198.154,2250,2250
2021-04-29 00:10:01.290000,4198.869,4198.354,460,2250
2021-04-29 00:10:01.341000,4199.049,4198.348,2250,2250
2021-04-29 00:10:08.234000,4199.057,4198.642,460,2250
2021-04-29 00:10:08.284000,4199.301,4198.633,2250,2250
2021-04-29 00:10:12.490000,4199.354,4198.836,460,2250
2021-04-29 00:10:12.541000,4199.567,4198.899,2250,2250
2021-04-29 00:10:12.645000,4199.56,4199.151,460,2250
2021-04-29 00:10:12.696000,4199.864,4199.151,2250,2250
2021-04-29 00:10:13.150000,4199.561,4198.833,2250,3140
2021-04-29 00:10:13.200000,4199.549,4198.848,2250,2250
2021-04-29 00:10:17.558000,4199.557,4199.133,460,2250
2021-04-29 00:10:17.609000,4199.801,4199.142,2250,2250
2021-04-29 00:10:19.170000,4199.851,4199.354,460,2250
2021-04-29 00:10:19.220000,4200.046,4199.345,2250,2250
2021-04-29 00:10:22.598000,4200.364,4199.651,2250,2250
2021-04-29 00:10:24.907000,4200.061,4199.342,2250,2250
2021-04-29 00:10:27.855000,4200.067,4199.351,2250,3140
2021-04-29 00:10:27.905000,4200.301,4199.636,2250,2250
2021-04-29 00:10:28.029000,4200.052,4199.342,2250,3140
2021-04-29 00:10:28.079000,4200.058,4199.339,2250,2250
2021-04-29 00:10:29.363000,4200.048,4199.699,460,2250
2021-04-29 00:10:29.414000,4200.349,4199.651,2250,2250
2021-04-29 00:10:37.213000,4200.061,4199.351,2250,3140
2021-04-29 00:10:37.263000,4200.064,4199.339,2250,2250
2021-04-29 00:10:37.930000,4200.054,4199.648,460,2250
2021-04-29 00:10:37.980000,4200.349,4199.699,2250,2250
2021-04-29 00:10:38.090000,4200.061,4199.399,2250,3140
2021-04-29 00:10:38.141000,4200.067,4199.342,2250,2250
2021-04-29 00:11:01.016000,4199.861,4199.151,2250,3140
2021-04-29 00:11:01.066000,4199.846,4199.199,2250,2250
2021-04-29 00:11:01.174000,4199.854,4199.399,460,2250
2021-04-29 00:11:01.225000,4200.001,4199.339,2250,2250
2021-04-29 00:11:01.336000,4199.855,4199.154,2250,3140
2021-04-29 00:11:01.386000,4199.864,4199.148,2250,2250
2021-04-29 00:11:19.508000,4199.86,4199.342,460,2250
2021-04-29 00:11:19.559000,4200.049,4199.342,2250,2250
2021-04-29 00:11:20.157000,4199.955,4199.233,2250,2250
2021-04-29 00:11:20.323000,4199.957,4199.342,460,2250
2021-04-29 00:11:20.373000,4200.055,4199.351,2250,2250
2021-04-29 00:11:35.504000,4199.86,4199.354,460,2250
2021-04-29 00:11:35.555000,4199.852,4199.136,2250,2250
2021-04-29 00:11:38.789000,4199.764,4199.054,2250,3140
2021-04-29 00:11:38.839000,4199.701,4199.039,2250,2250
2021-04-29 00:11:39.120000,4199.549,4198.836,2250,3140
2021-04-29 00:11:39.170000,4199.558,4198.851,2250,2250
2021-04-29 00:11:41.560000,4199.548,4199.045,460,2250
2021-04-29 00:11:41.610000,4199.749,4199.054,2250,2250
2021-04-29 00:11:41.880000,4199.561,4198.851,2250,3140
2021-04-29 00:11:41.930000,4199.561,4198.851,2250,2250
2021-04-29 00:12:10.842000,4199.367,4198.648,2250,3140
2021-04-29 00:12:10.892000,4199.355,4198.645,2250,2250
2021-04-29 00:12:22.015000,4199.201,4198.536,2250,3140
2021-04-29 00:12:22.065000,4199.261,4198.545,2250,2250
2021-04-29 00:12:23.203000,4199.064,4198.339,2250,2250
2021-04-29 00:12:29.155000,4198.864,4198.139,2250,3140
2021-04-29 00:12:29.205000,4198.867,4198.151,2250,2250
2021-04-29 00:12:36.602000,4198.848,4198.351,460,2250
2021-04-29 00:12:36.652000,4199.064,4198.399,2250,2250
2021-04-29 00:12:44.741000,4199.301,4198.633,2250,2250
2021-04-29 00:12:49.427000,4199.366,4198.842,460,2250
2021-04-29 00:12:49.478000,4199.555,4198.842,2250,2250
2021-04-29 00:12:55.777000,4199.346,4198.648,2250,3140
2021-04-29 00:12:55.828000,4199.352,4198.648,2250,2250
2021-04-29 00:13:08.788000,4199.001,4198.345,2250,3140
2021-04-29 00:13:08.839000,4199.058,4198.354,2250,2250
2021-04-29 00:13:09.486000,4199.048,4198.539,460,2250
2021-04-29 00:13:09.536000,4199.255,4198.536,2250,2250
2021-04-29 00:13:10.974000,4199.055,4198.339,2250,2250
2021-04-29 00:13:37.122000,4199.06,4198.636,460,2250
2021-04-29 00:13:37.173000,4199.352,4198.636,2250,2250
2021-04-29 00:13:44.948000,4199.001,4198.351,2250,2250
2021-04-29 00:13:45.279000,4199.349,4198.651,2250,2250
2021-04-29 00:13:50.781000,4199.067,4198.342,2250,3140
2021-04-29 00:13:50.832000,4199.067,4198.348,2250,2250
2021-04-29 00:14:08.785000,4198.958,4198.242,2250,3140
2021-04-29 00:14:08.835000,4198.952,4198.299,2250,2250
2021-04-29 00:14:09.116000,4198.867,4198.145,2250,3140
2021-04-29 00:14:09.166000,4198.864,4198.148,2250,2250
2021-04-29 00:14:27.196000,4198.549,4197.842,2250,2250
2021-04-29 00:14:29.309000,4198.563,4198.154,460,2250
2021-04-29 00:14:29.359000,4198.861,4198.142,2250,2250
2021-04-29 00:14:30.554000,4198.564,4197.848,2250,3140
2021-04-29 00:14:30.605000,4198.552,4197.854,2250,2250
2021-04-29 00:14:42.191000,4198.548,4198.136,460,2250
2021-04-29 00:14:42.242000,4198.846,4198.199,2250,2250
2021-04-29 00:15:51.181000,4198.848,4198.351,460,2250
2021-04-29 00:15:51.231000,4199.052,4198.354,2250,2250
2021-04-29 00:16:11.395000,4198.846,4198.148,2250,2250
2021-04-29 00:16:13.640000,4198.501,4197.836,2250,3140
2021-04-29 00:16:13.690000,4198.561,4197.836,2250,2250
2021-04-29 00:16:15.350000,4198.557,4198.142,460,2250
2021-04-29 00:16:15.401000,4198.861,4198.148,2250,2250
2021-04-29 00:16:15.838000,4198.567,4197.899,2250,3140
2021-04-29 00:16:15.888000,4198.555,4197.851,2250,2250
2021-04-29 00:16:44.449000,4198.301,4197.654,2250,3140
2021-04-29 00:16:44.499000,4198.361,4197.651,2250,2250
2021-04-29 00:16:44.633000,4198.558,4197.842,2250,2250
2021-04-29 00:17:51.506000,4198.361,4197.699,2250,3140
2021-04-29 00:17:51.556000,4198.355,4197.648,2250,2250
2021-04-29 00:18:05.128000,4198.363,4197.842,460,2250
2021-04-29 00:18:05.286000,4198.552,4197.899,2250,2250
2021-04-29 00:19:20.767000,4198.464,4197.745,2250,3140
2021-04-29 00:19:20.817000,4198.464,4197.733,2250,2250
2021-04-29 00:19:20.946000,4198.451,4197.899,460,2250
2021-04-29 00:19:20.996000,4198.558,4197.836,2250,2250
2021-04-29 00:19:21.101000,4198.461,4197.739,2250,3140
2021-04-29 00:19:21.151000,4198.458,4197.745,2250,2250
2021-04-29 00:19:24.919000,4198.349,4197.654,2250,3140
2021-04-29 00:19:24.969000,4198.352,4197.654,2250,2250
2021-04-29 00:20:15.021000,4198.351,4197.833,460,2250
2021-04-29 00:20:15.072000,4198.555,4197.851,2250,2250
2021-04-29 00:20:15.184000,4198.449,4197.742,2250,3140
2021-04-29 00:20:15.234000,4198.464,4197.799,2250,2250
2021-04-29 00:20:15.344000,4198.469,4197.851,460,2250
2021-04-29 00:20:15.395000,4198.558,4197.845,2250,2250
2021-04-29 00:21:00.237000,4198.355,4197.639,2250,3140
2021-04-29 00:21:00.288000,4198.355,4197.633,2250,2250
2021-04-29 00:21:03.540000,4198.369,4197.851,460,2250
2021-04-29 00:21:03.590000,4198.561,4197.836,2250,2250
2021-04-29 00:21:05.729000,4198.346,4197.645,2250,3140
2021-04-29 00:21:05.779000,4198.352,4197.642,2250,2250
2021-04-29 00:21:05.889000,4198.348,4197.754,460,2250
2021-04-29 00:21:05.939000,4198.455,4197.745,2250,2250
2021-04-29 00:21:06.898000,4198.301,4197.648,2250,3140
2021-04-29 00:21:06.948000,4198.358,4197.654,2250,2250
2021-04-29 00:21:13.769000,4198.348,4197.836,460,2250
2021-04-29 00:21:13.819000,4198.552,4197.899,2250,2250
2021-04-29 00:22:45.205000,4198.554,4198.142,460,2250
2021-04-29 00:22:45.256000,4198.858,4198.151,2250,2250
2021-04-29 00:23:12.247000,4198.857,4198.333,460,2250
2021-04-29 00:23:12.297000,4199.055,4198.336,2250,2250
2021-04-29 00:23:15.235000,4198.855,4198.139,2250,3140
2021-04-29 00:23:15.286000,4198.858,4198.145,2250,2250
2021-04-29 00:23:21.141000,4199.064,4198.336,2250,2250
2021-04-29 00:23:21.665000,4198.858,4198.136,2250,3140
2021-04-29 00:23:21.715000,4198.867,4198.154,2250,2250
2021-04-29 00:23:33.358000,4199.061,4198.342,2250,2250
2021-04-29 00:23:38.424000,4199.06,4198.648,460,2250
2021-04-29 00:23:38.475000,4199.349,4198.651,2250,2250
2021-04-29 00:23:51.185000,4199.549,4198.842,2250,2250
2021-04-29 00:24:29.123000,4199.364,4198.633,2250,3140
2021-04-29 00:24:29.173000,4199.301,4198.633,2250,2250
2021-04-29 00:24:34.689000,4199.354,4198.845,460,2250
2021-04-29 00:24:34.740000,4199.561,4198.839,2250,2250
2021-04-29 00:25:34.422000,4199.364,4198.699,2250,3140
2021-04-29 00:25:34.473000,4199.352,4198.699,2250,2250
2021-04-29 00:25:38.444000,4199.061,4198.399,2250,3140
2021-04-29 00:25:38.495000,4199.067,4198.345,2250,2250
2021-04-29 00:25:42.612000,4198.861,4198.148,2250,3140
2021-04-29 00:25:42.663000,4198.867,4198.199,2250,2250
2021-04-29 00:25:43.587000,4198.857,4198.339,460,2250
2021-04-29 00:25:43.638000,4199.055,4198.339,2250,2250
2021-04-29 00:25:43.748000,4198.946,4198.248,2250,3140
2021-04-29 00:25:43.799000,4198.955,4198.245,2250,2250
2021-04-29 00:25:43.910000,4198.849,4198.133,2250,3140
2021-04-29 00:25:43.960000,4198.852,4198.133,2250,2250
2021-04-29 00:26:12.130000,4198.869,4198.333,460,2250
2021-04-29 00:26:12.181000,4199.001,4198.345,2250,2250
2021-04-29 00:26:37.940000,4199.054,4198.699,460,2250
2021-04-29 00:26:37.991000,4199.346,4198.642,2250,2250
2021-04-29 00:26:45.530000,4198.86,4198.636,460,2250
2021-04-29 00:26:45.581000,4198.801,4198.145,2250,2250
2021-04-29 00:26:45.693000,4198.866,4198.533,460,2250
2021-04-29 00:26:45.743000,4199.255,4198.542,2250,2250
2021-04-29 00:26:45.852000,4199.049,4198.336,2250,3140
2021-04-29 00:26:45.902000,4199.055,4198.399,2250,2250
2021-04-29 00:27:16.673000,4198.861,4198.136,2250,3140
2021-04-29 00:27:16.723000,4198.846,4198.151,2250,2250
2021-04-29 00:27:21.238000,4198.803,4198.251,460,2250
2021-04-29 00:27:21.288000,4198.949,4198.242,2250,2250
2021-04-29 00:27:22.106000,4198.855,4198.142,2250,2250
2021-04-29 00:27:56.404000,4198.863,4198.354,460,2250
2021-04-29 00:27:56.454000,4199.052,4198.336,2250,2250
2021-04-29 00:27:56.695000,4198.949,4198.236,2250,3140
2021-04-29 00:27:56.745000,4198.901,4198.254,2250,2250
2021-04-29 00:27:57.508000,4198.801,4198.145,2250,3140
2021-04-29 00:27:57.558000,4198.852,4198.151,2250,2250
2021-04-29 00:27:58.480000,4198.955,4198.299,2250,2250
2021-04-29 00:27:58.810000,4198.867,4198.139,2250,2250
2021-04-29 00:28:03.102000,4198.546,4197.833,2250,2250
2021-04-29 00:28:22.499000,4198.56,4198.199,460,2250
2021-04-29 00:28:22.550000,4198.801,4198.142,2250,2250
2021-04-29 00:29:45.366000,4198.86,4198.333,460,2250
2021-04-29 00:29:45.416000,4199.001,4198.345,2250,2250
2021-04-29 00:29:53.928000,4198.803,4198.351,460,2250
2021-04-29 00:29:53.978000,4198.867,4198.136,2250,2250
2021-04-29 00:30:00.469000,4198.846,4198.151,2250,3140
2021-04-29 00:30:00.519000,4199.049,4198.354,2250,2250
2021-04-29 00:30:07.438000,4199.06,4198.642,460,2250
2021-04-29 00:30:07.488000,4199.367,4198.639,2250,2250
2021-04-29 00:30:11.881000,4199.357,4198.854,460,2250
2021-04-29 00:30:11.932000,4199.564,4198.851,2250,2250
2021-04-29 00:30:18.468000,4199.563,4199.142,460,2250
2021-04-29 00:30:18.519000,4199.846,4199.145,2250,2250
2021-04-29 00:30:32.413000,4200.058,4199.336,2250,2250
2021-04-29 00:31:06.567000,4199.849,4199.139,2250,3140
2021-04-29 00:31:06.617000,4199.867,4199.133,2250,2250
2021-04-29 00:31:28.380000,4199.558,4198.836,2250,3140
2021-04-29 00:31:28.430000,4199.552,4198.851,2250,2250
2021-04-29 00:31:51.770000,4199.56,4199.142,460,2250
2021-04-29 00:31:51.820000,4199.858,4199.154,2250,2250
2021-04-29 00:31:54.749000,4199.857,4199.339,460,2250
2021-04-29 00:31:54.800000,4200.001,4199.348,2250,2250
2021-04-29 00:32:01.404000,4199.958,4199.251,2250,3140
2021-04-29 00:32:01.454000,4199.952,4199.299,2250,2250
2021-04-29 00:32:01.611000,4200.046,4199.339,2250,2250
2021-04-29 00:32:08.988000,4199.861,4199.154,2250,3140
2021-04-29 00:32:09.039000,4199.864,4199.154,2250,2250
2021-04-29 00:32:17.699000,4199.561,4198.854,2250,3140
2021-04-29 00:32:17.750000,4199.567,4198.833,2250,2250
2021-04-29 00:32:39.575000,4199.548,4199.148,460,2250
2021-04-29 00:32:39.626000,4199.849,4199.151,2250,2250
2021-04-29 00:32:49.658000,4199.561,4198.836,2250,3140
2021-04-29 00:32:49.709000,4199.558,4198.842,2250,2250
2021-04-29 00:33:36.541000,4199.554,4199.142,460,2250
2021-04-29 00:33:36.592000,4199.867,4199.148,2250,2250
2021-04-29 00:33:44.776000,4199.549,4198.851,2250,2250
2021-04-29 00:34:07.025000,4199.355,4198.636,2250,3140
2021-04-29 00:34:07.075000,4199.361,4198.636,2250,2250
2021-04-29 00:34:19.494000,4199.064,4198.348,2250,2250
2021-04-29 00:34:27.608000,4199.003,4198.554,460,2250
2021-04-29 00:34:27.658000,4199.258,4198.554,2250,2250
2021-04-29 00:34:28.104000,4199.046,4198.348,2250,3140
2021-04-29 00:34:28.154000,4199.058,4198.399,2250,2250
2021-04-29 00:34:34.607000,4199.367,4198.651,2250,2250
2021-04-29 00:34:36.425000,4199.061,4198.351,2250,3140
2021-04-29 00:34:36.475000,4199.055,4198.339,2250,2250
2021-04-29 00:35:23.693000,4199.063,4198.639,460,2250
2021-04-29 00:35:23.743000,4199.364,4198.639,2250,2250
2021-04-29 00:35:58.706000,4199.264,4198.551,2250,3140
2021-04-29 00:35:58.756000,4199.261,4198.533,2250,2250
2021-04-29 00:35:59.639000,4199.049,4198.348,2250,3140
2021-04-29 00:35:59.690000,4199.064,4198.399,2250,2250
2021-04-29 00:36:05.455000,4199.301,4198.654,2250,2250
2021-04-29 00:36:38.519000,4199.354,4198.848,460,2250
2021-04-29 00:36:38.570000,4199.546,4198.851,2250,2250
2021-04-29 00:36:40.857000,4199.367,4198.639,2250,3140
2021-04-29 00:36:40.908000,4199.358,4198.633,2250,2250
2021-04-29 00:36:58.756000,4199.061,4198.348,2250,3140
2021-04-29 00:36:58.806000,4199.064,4198.336,2250,2250
2021-04-29 00:36:58.951000,4199.361,4198.636,2250,2250
2021-04-29 00:37:01.120000,4199.054,4198.648,460,2250
2021-04-29 00:37:01.171000,4199.055,4198.345,2250,2250
2021-04-29 00:38:13.082000,4199.003,4198.654,460,2250
2021-04-29 00:38:13.133000,4199.346,4198.645,2250,2250
2021-04-29 00:38:30.904000,4199.046,4198.399,2250,2250
2021-04-29 00:39:19.589000,4199.054,4198.633,460,2250
2021-04-29 00:39:19.639000,4199.349,4198.699,2250,2250
2021-04-29 00:39:47.635000,4199.369,4198.839,460,2250
2021-04-29 00:39:47.686000,4199.561,4198.836,2250,2250
2021-04-29 00:40:07.509000,4199.355,4198.633,2250,3140
2021-04-29 00:40:07.560000,4199.346,4198.636,2250,2250
2021-04-29 00:40:20.765000,4199.246,4198.548,2250,3140
2021-04-29 00:40:20.816000,4199.249,4198.533,2250,2250
2021-04-29 00:40:21.552000,4199.064,4198.336,2250,3140
2021-04-29 00:40:21.602000,4199.001,4198.354,2250,2250
2021-04-29 00:40:33.018000,4198.858,4198.151,2250,3140
2021-04-29 00:40:33.068000,4198.846,4198.154,2250,2250
2021-04-29 00:40:34.285000,4198.801,4198.199,2250,3140
2021-04-29 00:40:34.335000,4199.061,4198.348,2250,2250
2021-04-29 00:40:34.603000,4198.846,4198.136,2250,3140
2021-04-29 00:40:34.654000,4198.855,4198.148,2250,2250
2021-04-29 00:40:56.295000,4199.064,4198.336,2250,2250
2021-04-29 00:40:56.626000,4198.946,4198.245,2250,2250
2021-04-29 00:40:57.297000,4198.858,4198.151,2250,3140
2021-04-29 00:40:57.347000,4198.849,4198.199,2250,2250
2021-04-29 00:41:35.379000,4199.046,4198.348,2250,2250
2021-04-29 00:42:02.446000,4198.864,4198.199,2250,2250
2021-04-29 00:42:15.825000,4198.857,4198.339,460,2250
2021-04-29 00:42:15.876000,4199.049,4198.351,2250,2250
2021-04-29 00:42:50.638000,4199.367,4198.633,2250,2250
2021-04-29 00:42:51.901000,4199.252,4198.545,2250,3140
2021-04-29 00:42:51.952000,4199.264,4198.536,2250,2250
2021-04-29 00:42:52.233000,4199.064,4198.354,2250,3140
2021-04-29 00:42:52.283000,4199.052,4198.399,2250,2250
2021-04-29 00:43:14.518000,4198.861,4198.151,2250,3140
2021-04-29 00:43:14.569000,4198.846,4198.139,2250,2250
2021-04-29 00:44:22.304000,4198.567,4197.851,2250,3140
2021-04-29 00:44:22.354000,4198.552,4197.899,2250,2250
2021-04-29 00:44:22.716000,4198.801,4198.151,2250,2250
2021-04-29 00:44:24.046000,4198.863,4198.236,460,2250
2021-04-29 00:44:24.096000,4198.946,4198.299,2250,2250
2021-04-29 00:44:24.364000,4198.901,4198.242,2250,3140
2021-04-29 00:44:24.415000,4199.064,4198.348,2250,2250
2021-04-29 00:44:29.996000,4198.867,4198.136,2250,3140
2021-04-29 00:44:30.047000,4198.858,4198.154,2250,2250
2021-04-29 00:45:22.203000,4199.049,4198.345,2250,2250
2021-04-29 00:45:25.359000,4198.861,4198.151,2250,3140
2021-04-29 00:45:25.410000,4198.867,4198.145,2250,2250
2021-04-29 00:45:52.903000,4198.854,4198.348,460,2250
2021-04-29 00:45:52.953000,4199.067,4198.339,2250,2250
2021-04-29 00:46:35.941000,4198.858,4198.136,2250,3140
2021-04-29 00:46:35.992000,4198.864,4198.139,2250,2250
2021-04-29 00:46:59.522000,4198.86,4198.342,460,2250
2021-04-29 00:46:59.572000,4199.055,4198.399,2250,2250
2021-04-29 00:47:27.638000,4199.361,4198.642,2250,2250
2021-04-29 00:47:34.243000,4199.058,4198.342,2250,2250
2021-04-29 00:48:17.848000,4199.258,4198.536,2250,2250
2021-04-29 00:48:20.043000,4199.203,4198.651,460,2250
2021-04-29 00:48:20.093000,4199.352,4198.639,2250,2250
2021-04-29 00:48:22.378000,4199.261,4198.548,2250,3140
2021-04-29 00:48:22.428000,4199.252,4198.536,2250,2250
2021-04-29 00:48:22.931000,4199.263,4198.633,460,2250
2021-04-29 00:48:22.981000,4199.349,4198.651,2250,2250
2021-04-29 00:48:23.462000,4199.061,4198.342,2250,2250
2021-04-29 00:48:24.452000,4199.358,4198.645,2250,2250
2021-04-29 00:49:41.308000,4199.052,4198.336,2250,2250
2021-04-29 00:49:51.786000,4199.057,4198.599,460,2250
2021-04-29 00:49:51.837000,4199.264,4198.599,2250,2250
2021-04-29 00:49:51.948000,4199.269,4198.642,460,2250
2021-04-29 00:49:51.999000,4199.358,4198.654,2250,2250
2021-04-29 00:50:11.281000,4199.303,4198.842,460,2250
2021-04-29 00:50:11.332000,4199.552,4198.839,2250,2250
2021-04-29 00:50:26.860000,4199.569,4199.199,460,2250
2021-04-29 00:50:26.910000,4199.849,4199.151,2250,2250
2021-04-29 00:50:54.795000,4199.848,4199.354,460,2250
2021-04-29 00:50:54.845000,4200.052,4199.336,2250,2250
2021-04-29 00:51:09.185000,4200.06,4199.645,460,2250
2021-04-29 00:51:09.236000,4200.301,4199.654,2250,2250
2021-04-29 00:51:11.239000,4200.36,4199.836,460,2250
2021-04-29 00:51:11.289000,4200.552,4199.845,2250,2250
2021-04-29 00:51:49.723000,4200.56,4200.133,460,2250
2021-04-29 00:51:49.773000,4200.858,4200.199,2250,2250
2021-04-29 00:52:00.355000,4200.555,4199.833,2250,2250
2021-04-29 00:52:05.834000,4200.548,4200.136,460,2250
2021-04-29 00:52:05.884000,4200.801,4200.133,2250,2250
2021-04-29 00:52:10.135000,4200.549,4199.845,2250,3140
2021-04-29 00:52:10.186000,4200.558,4199.851,2250,2250
2021-04-29 00:52:12.106000,4200.554,4200.148,460,2250
2021-04-29 00:52:12.157000,4200.861,4200.145,2250,2250
2021-04-29 00:52:26.719000,4200.86,4200.351,460,2250
2021-04-29 00:52:26.769000,4201.061,4200.399,2250,2250
2021-04-29 00:52:30.084000,4201.048,4200.636,460,2250
2021-04-29 00:52:30.134000,4201.361,4200.639,2250,2250
2021-04-29 00:52:33.670000,4201.357,4200.854,460,2250
2021-04-29 00:52:33.720000,4201.558,4200.836,2250,2250
2021-04-29 00:52:33.992000,4201.563,4201.139,460,2250
2021-04-29 00:52:34.043000,4201.849,4201.148,2250,2250
2021-04-29 00:52:34.147000,4201.567,4200.854,2250,3140
2021-04-29 00:52:34.198000,4201.558,4200.899,2250,2250
2021-04-29 00:52:34.630000,4201.56,4201.139,460,2250
2021-04-29 00:52:34.681000,4201.861,4201.151,2250,2250
2021-04-29 00:52:35.253000,4201.352,4200.642,2250,3140
2021-04-29 00:52:35.304000,4201.358,4200.639,2250,2250
2021-04-29 00:52:35.751000,4201.555,4200.833,2250,2250
2021-04-29 00:52:36.081000,4201.352,4200.651,2250,2250
2021-04-29 00:52:36.220000,4201.366,4200.754,460,2250
2021-04-29 00:52:36.270000,4201.449,4200.736,2250,2250
2021-04-29 00:52:36.411000,4201.567,4200.839,2250,2250
2021-04-29 00:52:38.667000,4201.367,4200.642,2250,3140
2021-04-29 00:52:38.717000,4201.364,4200.651,2250,2250
2021-04-29 00:52:38.990000,4201.357,4200.736,460,2250
2021-04-29 00:52:39.040000,4201.464,4200.799,2250,2250
2021-04-29 00:52:39.313000,4201.301,4200.642,2250,3140
2021-04-29 00:52:39.363000,4201.355,4200.648,2250,2250
2021-04-29 00:52:41.695000,4201.055,4200.333,2250,2250
2021-04-29 00:52:42.753000,4201.063,4200.633,460,2250
2021-04-29 00:52:42.803000,4201.301,4200.633,2250,2250
2021-04-29 00:52:57.341000,4201.366,4200.851,460,2250
2021-04-29 00:52:57.391000,4201.501,4200.833,2250,2250
2021-04-29 00:52:57.540000,4201.367,4200.633,2250,2250
2021-04-29 00:52:59.300000,4201.467,4200.799,2250,2250
2021-04-29 00:53:00.017000,4201.36,4200.799,460,2250
2021-04-29 00:53:00.067000,4201.346,4200.642,2250,2250
2021-04-29 00:54:17.743000,4201.354,4200.851,460,2250
2021-04-29 00:54:17.793000,4201.567,4200.848,2250,2250
2021-04-29 00:55:00.882000,4201.56,4201.151,460,2250
2021-04-29 00:55:00.932000,4201.849,4201.199,2250,2250
2021-04-29 00:55:43.673000,4201.863,4201.254,460,2250
2021-04-29 00:55:43.723000,4201.967,4201.236,2250,2250
2021-04-29 00:55:43.999000,4201.846,4201.133,2250,2250
2021-04-29 00:55:45.999000,4202.058,4201.339,2250,2250
2021-04-29 00:55:47.177000,4201.852,4201.133,2250,3140
2021-04-29 00:55:47.227000,4201.855,4201.154,2250,2250
2021-04-29 00:55:50.116000,4201.851,4201.399,460,2250
2021-04-29 00:55:50.166000,4202.061,4201.345,2250,2250
2021-04-29 00:55:53.273000,4202.069,4201.337,460,890
2021-04-29 00:55:53.324000,4202.367,4201.699,2250,2250
2021-04-29 00:55:53.460000,4202.064,4201.348,2250,3140
2021-04-29 00:55:53.510000,4202.067,4201.345,2250,2250
2021-04-29 00:55:53.630000,4202.003,4201.648,460,2250
2021-04-29 00:55:53.681000,4202.346,4201.654,2250,2250
2021-04-29 00:55:55.002000,4202.36,4201.833,460,2250
2021-04-29 00:55:55.053000,4202.564,4201.851,2250,2250
2021-04-29 00:55:59.380000,4202.367,4201.654,2250,3140
2021-04-29 00:55:59.430000,4202.352,4201.642,2250,2250
2021-04-29 00:56:12.236000,4202.064,4201.336,2250,3140
2021-04-29 00:56:12.287000,4202.064,4201.336,2250,2250
2021-04-29 00:56:17.547000,4202.048,4201.545,460,2250
2021-04-29 00:56:17.597000,4202.249,4201.539,2250,2250
2021-04-29 00:56:17.807000,4202.001,4201.333,2250,3140
2021-04-29 00:56:17.857000,4202.049,4201.342,2250,2250
2021-04-29 00:56:19.429000,4202.264,4201.554,2250,2250
2021-04-29 00:56:19.914000,4202.269,4201.648,460,2250
2021-04-29 00:56:19.965000,4202.364,4201.648,2250,2250
2021-04-29 00:56:56.160000,4202.36,4201.845,460,2250
2021-04-29 00:56:56.210000,4202.549,4201.836,2250,2250
2021-04-29 00:56:56.322000,4202.346,4201.642,2250,3140
2021-04-29 00:56:56.372000,4202.346,4201.639,2250,2250
2021-04-29 00:57:00.194000,4202.36,4201.833,460,2250
2021-04-29 00:57:00.245000,4202.501,4201.848,2250,2250
2021-04-29 00:57:04.496000,4202.455,4201.742,2250,3140
2021-04-29 00:57:04.547000,4202.461,4201.754,2250,2250
2021-04-29 00:57:05.158000,4202.349,4201.645,2250,3140
2021-04-29 00:57:05.209000,4202.301,4201.639,2250,2250
2021-04-29 00:57:06.811000,4202.366,4201.836,460,2250
2021-04-29 00:57:06.862000,4202.561,4201.839,2250,2250
2021-04-29 00:57:17.069000,4202.563,4202.145,460,2250
2021-04-29 00:57:17.119000,4202.867,4202.136,2250,2250
2021-04-29 00:57:19.397000,4202.561,4201.833,2250,3140
2021-04-29 00:57:19.448000,4202.555,4201.839,2250,2250
2021-04-29 00:58:05.010000,4202.046,4201.348,2250,3140
2021-04-29 00:58:05.060000,4202.049,4201.336,2250,2250
2021-04-29 00:58:09.711000,4201.855,4201.142,2250,3140
2021-04-29 00:58:09.761000,4201.867,4201.199,2250,2250
2021-04-29 00:58:23.506000,4201.701,4201.033,2250,3140
2021-04-29 00:58:23.556000,4201.767,4201.045,2250,2250
2021-04-29 00:58:23.696000,4201.546,4200.842,2250,2250
2021-04-29 00:58:24.948000,4201.569,4201.199,460,2250
2021-04-29 00:58:24.999000,4201.867,4201.148,2250,2250
2021-04-29 00:58:28.316000,4201.555,4200.845,2250,2250
2021-04-29 00:58:41.241000,4201.352,4200.651,2250,3140
2021-04-29 00:58:41.292000,4201.346,4200.648,2250,2250
2021-04-29 00:59:00.720000,4201.046,4200.342,2250,3140
2021-04-29 00:59:00.771000,4201.067,4200.348,2250,2250
2021-04-29 00:59:26.996000,4201.069,4200.639,460,2250
2021-04-29 00:59:27.046000,4201.358,4200.645,2250,2250
2021-04-29 00:59:33.047000,4201.348,4200.833,460,2250
2021-04-29 00:59:33.097000,4201.561,4200.839,2250,2250
2021-04-29 00:59:51.292000,4201.548,4201.148,460,2250
2021-04-29 00:59:51.343000,4201.849,4201.199,2250,2250
2021-04-29 00:59:52.270000,4201.561,4200.854,2250,2250
2021-04-29 01:00:00.735000,4201.569,4201.139,460,2250
2021-04-29 01:00:00.785000,4201.861,4201.142,2250,2250
2021-04-29 01:00:01.252000,4201.855,4201.154,2250,3140
2021-04-29 01:00:01.303000,4202.055,4201.342,2250,2250
2021-04-29 01:00:01.703000,4202.069,4201.654,460,2250
2021-04-29 01:00:01.753000,4202.361,4201.648,2250,2250
2021-04-29 01:00:04.209000,4202.049,4201.354,2250,3140
2021-04-29 01:00:04.259000,4202.055,4201.336,2250,2250
2021-04-29 01:00:04.844000,4202.051,4201.645,460,2250
2021-04-29 01:00:04.894000,4202.301,4201.636,2250,2250
2021-04-29 01:00:06.502000,4202.549,4201.836,2250,2250
2021-04-29 01:00:09.615000,4202.361,4201.651,2250,3140
2021-04-29 01:00:09.666000,4202.367,4201.639,2250,2250
2021-04-29 01:00:12.275000,4202.061,4201.339,2250,3140
2021-04-29 01:00:12.325000,4202.055,4201.342,2250,2250
2021-04-29 01:00:14.754000,4201.855,4201.139,2250,2250
2021-04-29 01:00:28.134000,4201.552,4200.851,2250,3140
2021-04-29 01:00:28.185000,4201.552,4200.842,2250,2250
2021-04-29 01:00:32.014000,4201.566,4201.145,460,2250
2021-04-29 01:00:32.065000,4201.861,4201.151,2250,2250
2021-04-29 01:00:33.419000,4201.567,4200.836,2250,3140
2021-04-29 01:00:33.469000,4201.501,4200.899,2250,2250
2021-04-29 01:00:44.829000,4201.364,4200.633,2250,3140
2021-04-29 01:00:44.879000,4201.355,4200.633,2250,2250
2021-04-29 01:01:05.157000,4201.36,4200.854,460,2250
2021-04-29 01:01:05.207000,4201.561,4200.854,2250,2250
2021-04-29 01:01:19.470000,4201.467,4200.745,2250,3140
2021-04-29 01:01:19.520000,4201.446,4200.751,2250,2250
2021-04-29 01:01:19.952000,4201.352,4200.651,2250,3140
2021-04-29 01:01:20.002000,4201.358,4200.639,2250,2250
2021-04-29 01:01:34.893000,4201.055,4200.354,2250,3140
2021-04-29 01:01:34.944000,4201.061,4200.354,2250,2250
2021-04-29 01:01:39.182000,4201.066,4200.542,460,2250
2021-04-29 01:01:39.232000,4201.252,4200.548,2250,2250
2021-04-29 01:01:39.389000,4201.058,4200.333,2250,3140
2021-04-29 01:01:39.440000,4201.001,4200.351,2250,2250
2021-04-29 01:01:49.178000,4200.967,4200.242,2250,3140
2021-04-29 01:01:49.229000,4200.949,4200.236,2250,2250
2021-04-29 01:01:49.338000,4201.058,4200.348,2250,2250
2021-04-29 01:01:50.250000,4200.967,4200.242,2250,3140
2021-04-29 01:01:50.300000,4200.901,4200.251,2250,2250
2021-04-29 01:01:51.018000,4200.957,4200.354,460,2250
2021-04-29 01:01:51.068000,4201.058,4200.345,2250,2250
2021-04-29 01:01:52.476000,4200.846,4200.148,2250,3140
2021-04-29 01:01:52.527000,4200.864,4200.145,2250,2250
2021-04-29 01:01:52.637000,4200.854,4200.299,460,2250
2021-04-29 01:01:52.688000,4200.952,4200.239,2250,2250
2021-04-29 01:01:52.806000,4201.055,4200.333,2250,2250
2021-04-29 01:01:52.960000,4200.952,4200.299,2250,3140
2021-04-29 01:01:53.011000,4200.946,4200.299,2250,2250
2021-04-29 01:01:53.796000,4201.061,4200.339,2250,2250
2021-04-29 01:02:01.560000,4200.858,4200.139,2250,3140
2021-04-29 01:02:01.611000,4200.864,4200.154,2250,2250
2021-04-29 01:02:03.800000,4200.851,4200.399,460,2250
2021-04-29 01:02:03.850000,4201.052,4200.348,2250,2250
2021-04-29 01:02:03.960000,4200.866,4200.399,460,2250
2021-04-29 01:02:04.010000,4200.855,4200.142,2250,2250
2021-04-29 01:02:05.697000,4200.854,4200.251,460,2250
2021-04-29 01:02:05.748000,4200.901,4200.248,2250,2250
2021-04-29 01:02:06.779000,4200.954,4200.351,460,2250
2021-04-29 01:02:06.830000,4201.067,4200.336,2250,2250
2021-04-29 01:02:09.707000,4200.855,4200.139,2250,3140
2021-04-29 01:02:09.758000,4200.858,4200.148,2250,2250
2021-04-29 01:02:11.308000,4200.803,4200.333,460,2250
2021-04-29 01:02:11.358000,4201.067,4200.342,2250,2250
2021-04-29 01:02:16.183000,4201.048,4200.699,460,2250
2021-04-29 01:02:16.234000,4201.352,4200.642,2250,2250
2021-04-29 01:02:17.624000,4201.001,4200.348,2250,3140
2021-04-29 01:02:17.674000,4201.067,4200.354,2250,2250
2021-04-29 01:02:18.970000,4201.066,4200.533,460,2250
2021-04-29 01:02:19.020000,4201.252,4200.548,2250,2250
2021-04-29 01:02:19.131000,4201.254,4200.654,460,2250
2021-04-29 01:02:19.182000,4201.349,4200.651,2250,2250
2021-04-29 01:02:19.616000,4201.001,4200.348,2250,3140
2021-04-29 01:02:19.667000,4201.049,4200.354,2250,2250
2021-04-29 01:02:31.100000,4201.364,4200.633,2250,2250
2021-04-29 01:03:01.495000,4201.369,4200.833,460,2250
2021-04-29 01:03:01.545000,4201.549,4200.842,2250,2250
2021-04-29 01:03:02.562000,4201.364,4200.654,2250,2250
2021-04-29 01:03:02.680000,4201.346,4200.639,2250,3140
2021-04-29 01:03:02.731000,4201.446,4200.745,2250,2250
2021-04-29 01:03:02.892000,4201.349,4200.699,2250,2250
2021-04-29 01:03:40.600000,4201.201,4200.599,2250,3140
2021-04-29 01:03:40.650000,4201.267,4200.542,2250,2250
2021-04-29 01:03:41.219000,4201.046,4200.333,2250,3140
2021-04-29 01:03:41.269000,4201.064,4200.342,2250,2250
2021-04-29 01:03:52.668000,4200.869,4200.354,460,2250
2021-04-29 01:03:52.719000,4200.855,4200.145,2250,2250
2021-04-29 01:04:01.387000,4200.866,4200.348,460,2250
2021-04-29 01:04:01.437000,4201.058,4200.351,2250,2250
2021-04-29 01:04:10.026000,4200.861,4200.133,2250,3140
2021-04-29 01:04:10.077000,4200.858,4200.139,2250,2250
2021-04-29 01:04:10.236000,4201.049,4200.351,2250,2250
2021-04-29 01:04:28.816000,4201.346,4200.642,2250,2250
2021-04-29 01:05:07.138000,4201.046,4200.333,2250,3140
2021-04-29 01:05:07.189000,4201.058,4200.348,2250,2250
2021-04-29 01:06:00.359000,4200.861,4200.148,2250,3140
2021-04-29 01:06:00.409000,4200.846,4200.133,2250,2250
2021-04-29 01:06:01.823000,4200.851,4200.345,460,2250
2021-04-29 01:06:01.874000,4201.064,4200.336,2250,2250
2021-04-29 01:06:24.776000,4201.003,4200.651,460,2250
2021-04-29 01:06:24.826000,4201.364,4200.639,2250,2250
2021-04-29 01:06:48.362000,4201.366,4200.842,460,2250
2021-04-29 01:06:48.412000,4201.546,4200.839,2250,2250
2021-04-29 01:07:14.401000,4201.554,4201.154,460,2250
2021-04-29 01:07:14.451000,4201.864,4201.136,2250,2250
2021-04-29 01:07:27.859000,4201.558,4200.848,2250,3140
2021-04-29 01:07:27.909000,4201.501,4200.899,2250,2250
2021-04-29 01:07:32.905000,4201.858,4201.133,2250,2250
2021-04-29 01:07:41.489000,4201.701,4201.036,2250,2250
2021-04-29 01:07:42.972000,4201.546,4200.851,2250,3140
2021-04-29 01:07:43.023000,4201.501,4200.848,2250,2250
2021-04-29 01:08:12.528000,4201.852,4201.199,2250,2250
2021-04-29 01:08:31.098000,4201.764,4201.036,2250,3140
2021-04-29 01:08:31.148000,4201.701,4201.033,2250,2250
2021-04-29 01:08:31.512000,4201.757,4201.199,460,2250
2021-04-29 01:08:31.562000,4201.858,4201.136,2250,2250
2021-04-29 01:08:32.155000,4201.746,4201.051,2250,3140
2021-04-29 01:08:32.205000,4201.758,4201.042,2250,2250
2021-04-29 01:08:32.318000,4201.757,4201.142,460,2250
2021-04-29 01:08:32.368000,4201.855,4201.136,2250,2250
2021-04-29 01:08:33.174000,4201.752,4201.054,2250,3140
2021-04-29 01:08:33.225000,4201.758,4201.045,2250,2250
2021-04-29 01:08:33.523000,4201.703,4201.154,460,2250
2021-04-29 01:08:33.573000,4201.846,4201.199,2250,2250
2021-04-29 01:08:42.303000,4201.546,4200.848,2250,2250
2021-04-29 01:09:04.957000,4201.557,4201.199,460,2250
2021-04-29 01:09:05.008000,4201.858,4201.148,2250,2250
2021-04-29 01:09:06.970000,4201.761,4201.054,2250,3140
2021-04-29 01:09:07.021000,4201.755,4201.045,2250,2250
2021-04-29 01:09:07.129000,4201.751,4201.136,460,2250
2021-04-29 01:09:07.180000,4201.849,4201.139,2250,2250
2021-04-29 01:09:11.028000,4201.555,4200.833,2250,2250
2021-04-29 01:09:32.859000,4201.563,4201.151,460,2250
2021-04-29 01:09:32.909000,4201.867,4201.133,2250,2250
2021-04-29 01:09:33.679000,4201.558,4200.899,2250,3140
2021-04-29 01:09:33.729000,4201.501,4200.848,2250,2250
2021-04-29 01:09:38.514000,4201.569,4201.042,460,2250
2021-04-29 01:09:38.564000,4201.752,4201.042,2250,2250
2021-04-29 01:09:39.721000,4201.763,4201.199,460,2250
2021-04-29 01:09:39.772000,4201.864,4201.199,2250,2250
2021-04-29 01:09:42.539000,4201.552,4200.848,2250,3140
2021-04-29 01:09:42.590000,4201.501,4200.845,2250,2250
2021-04-29 01:09:48.036000,4201.858,4201.133,2250,2250
2021-04-29 01:10:35.610000,4201.863,4201.336,460,2250
2021-04-29 01:10:35.661000,4202.049,4201.348,2250,2250
2021-04-29 01:11:04.901000,4201.852,4201.145,2250,3140
2021-04-29 01:11:04.952000,4201.858,4201.145,2250,2250
2021-04-29 01:11:40.536000,4201.863,4201.242,460,2250
2021-04-29 01:11:40.586000,4201.964,4201.242,2250,2250
2021-04-29 01:11:41.018000,4201.855,4201.145,2250,3140
2021-04-29 01:11:41.069000,4201.855,4201.139,2250,2250
2021-04-29 01:11:52.352000,4201.964,4201.233,2250,2250
2021-04-29 01:11:52.682000,4201.867,4201.199,2250,2250
2021-04-29 01:11:55.983000,4202.052,4201.399,2250,2250
2021-04-29 01:11:57.302000,4201.958,4201.233,2250,2250
2021-04-29 01:11:57.633000,4202.055,4201.336,2250,2250
2021-04-29 01:12:04.906000,4202.063,4201.651,460,2250
2021-04-29 01:12:04.956000,4202.364,4201.654,2250,2250
2021-04-29 01:12:29.652000,4202.549,4201.845,2250,2250
2021-04-29 01:12:34.375000,4202.346,4201.651,2250,3140
2021-04-29 01:12:34.425000,4202.361,4201.654,2250,2250
2021-04-29 01:12:59.271000,4202.36,4201.833,460,2250
2021-04-29 01:12:59.321000,4202.555,4201.836,2250,2250
2021-04-29 01:13:04.194000,4202.301,4201.651,2250,3140
2021-04-29 01:13:04.245000,4202.352,4201.639,2250,2250
2021-04-29 01:13:05.003000,4202.36,4201.836,460,2250
2021-04-29 01:13:05.053000,4202.546,4201.848,2250,2250
2021-04-29 01:13:18.960000,4202.364,4201.633,2250,3140
2021-04-29 01:13:19.010000,4202.367,4201.651,2250,2250
2021-04-29 01:13:19.760000,4202.348,4201.751,460,2250
2021-04-29 01:13:19.810000,4202.446,4201.742,2250,2250
2021-04-29 01:13:20.083000,4202.457,4201.845,460,2250
2021-04-29 01:13:20.134000,4202.552,4201.851,2250,2250
2021-04-29 01:13:20.609000,4202.461,4201.754,2250,2250
2021-04-29 01:13:20.940000,4202.451,4201.836,460,2250
2021-04-29 01:13:20.990000,4202.555,4201.848,2250,2250
2021-04-29 01:13:25.154000,4202.301,4201.639,2250,3140
2021-04-29 01:13:25.205000,4202.349,4201.636,2250,2250
2021-04-29 01:14:05.755000,4202.348,4201.854,460,2250
2021-04-29 01:14:05.806000,4202.567,4201.833,2250,2250
2021-04-29 01:15:02.635000,4202.566,4202.333,460,2250
2021-04-29 01:15:02.685000,4203.055,4202.342,2250,2250
2021-04-29 01:15:05.498000,4202.867,4202.142,2250,3140
2021-04-29 01:15:05.549000,4202.852,4202.199,2250,2250
2021-04-29 01:15:05.823000,4202.86,4202.339,460,2250
2021-04-29 01:15:05.873000,4203.067,4202.339,2250,2250
2021-04-29 01:15:07.116000,4203.061,4202.399,2250,3140
2021-04-29 01:15:07.166000,4203.355,4202.654,2250,2250
2021-04-29 01:15:07.274000,4203.366,4202.643,460,890
2021-04-29 01:15:07.324000,4205.567,4204.845,2250,2250
2021-04-29 01:15:07.511000,4205.063,4204.845,460,2250
2021-04-29 01:15:07.561000,4205.558,4204.836,2250,2250
2021-04-29 01:15:07.670000,4205.355,4204.699,2250,3140
2021-04-29 01:15:07.721000,4205.361,4204.648,2250,2250
2021-04-29 01:15:07.995000,4205.046,4204.348,2250,2250
2021-04-29 01:15:08.152000,4205.048,4204.636,460,2250
2021-04-29 01:15:08.203000,4205.346,4204.633,2250,2250
2021-04-29 01:15:09.510000,4205.067,4204.345,2250,3140
2021-04-29 01:15:09.560000,4205.055,4204.354,2250,2250
2021-04-29 01:15:12.038000,4205.364,4204.651,2250,2250
2021-04-29 01:15:14.476000,4205.001,4204.351,2250,3140
2021-04-29 01:15:14.526000,4205.049,4204.351,2250,2250
2021-04-29 01:15:18.411000,4204.861,4204.133,2250,3140
2021-04-29 01:15:18.461000,4204.801,4204.154,2250,2250
2021-04-29 01:15:21.188000,4204.848,4204.354,460,2250
2021-04-29 01:15:21.238000,4205.064,4204.399,2250,2250
2021-04-29 01:15:26.254000,4205.06,4204.642,460,2250
2021-04-29 01:15:26.304000,4205.349,4204.648,2250,2250
2021-04-29 01:15:28.917000,4205.36,4204.842,460,2250
2021-04-29 01:15:28.967000,4205.549,4204.899,2250,2250
2021-04-29 01:15:32.350000,4205.557,4205.151,460,2250
2021-04-29 01:15:32.400000,4205.861,4205.145,2250,2250
2021-04-29 01:15:32.838000,4205.549,4204.836,2250,2250
2021-04-29 01:15:32.995000,4205.566,4205.199,460,2250
2021-04-29 01:15:33.045000,4205.861,4205.145,2250,2250
2021-04-29 01:15:34.489000,4205.549,4204.899,2250,2250
2021-04-29 01:15:35.585000,4205.563,4205.151,460,2250
2021-04-29 01:15:35.636000,4205.861,4205.136,2250,2250
2021-04-29 01:15:43.071000,4205.561,4204.839,2250,2250
2021-04-29 01:15:43.533000,4205.554,4205.199,460,2250
2021-04-29 01:15:43.584000,4205.858,4205.148,2250,2250
2021-04-29 01:15:44.228000,4205.549,4204.842,2250,3140
2021-04-29 01:15:44.279000,4205.552,4204.845,2250,2250
2021-04-29 01:16:03.813000,4205.346,4204.654,2250,3140
2021-04-29 01:16:03.863000,4205.349,4204.699,2250,2250
2021-04-29 01:16:03.974000,4205.351,4204.851,460,2250
2021-04-29 01:16:04.024000,4205.558,4204.848,2250,2250
2021-04-29 01:16:09.502000,4205.364,4204.642,2250,3140
2021-04-29 01:16:09.553000,4205.367,4204.642,2250,2250
2021-04-29 01:16:10.544000,4205.366,4204.836,460,2250
2021-04-29 01:16:10.595000,4205.501,4204.839,2250,2250
2021-04-29 01:16:23.665000,4205.361,4204.654,2250,2250
2021-04-29 01:16:31.036000,4205.064,4204.339,2250,3140
2021-04-29 01:16:31.086000,4205.058,4204.333,2250,2250
2021-04-29 01:16:31.198000,4205.003,4204.645,460,2250
2021-04-29 01:16:31.248000,4205.349,4204.639,2250,2250
2021-04-29 01:16:33.235000,4205.058,4204.339,2250,2250
2021-04-29 01:16:37.632000,4204.801,4204.139,2250,3140
2021-04-29 01:16:37.682000,4204.867,4204.139,2250,2250
2021-04-29 01:16:43.545000,4204.552,4203.899,2250,3140
2021-04-29 01:16:43.595000,4204.501,4203.899,2250,2250
2021-04-29 01:16:47.301000,4204.56,4204.145,460,2250
2021-04-29 01:16:47.352000,4204.867,4204.154,2250,2250
2021-04-29 01:16:48.596000,4204.567,4203.848,2250,3140
2021-04-29 01:16:48.647000,4204.567,4203.833,2250,2250
2021-04-29 01:16:57.848000,4204.563,4204.199,460,2250
2021-04-29 01:16:57.899000,4204.855,4204.139,2250,2250
2021-04-29 01:17:04.597000,4204.546,4203.854,2250,3140
2021-04-29 01:17:04.648000,4204.561,4203.833,2250,2250
2021-04-29 01:17:06.394000,4204.566,4204.133,460,2250
2021-04-29 01:17:06.444000,4204.849,4204.136,2250,2250
2021-04-29 01:17:07.432000,4204.546,4203.854,2250,3140
2021-04-29 01:17:07.482000,4204.555,4203.848,2250,2250
2021-04-29 01:17:13.429000,4204.364,4203.645,2250,3140
2021-04-29 01:17:13.480000,4204.349,4203.633,2250,2250
2021-04-29 01:17:14.156000,4204.366,4203.839,460,2250
2021-04-29 01:17:14.207000,4204.552,4203.839,2250,2250
2021-04-29 01:17:14.317000,4204.346,4203.642,2250,3140
2021-04-29 01:17:14.368000,4204.358,4203.645,2250,2250
2021-04-29 01:17:20.256000,4204.001,4203.354,2250,2250
2021-04-29 01:17:20.713000,4204.054,4203.648,460,2250
2021-04-29 01:17:20.763000,4204.355,4203.633,2250,2250
2021-04-29 01:17:23.097000,4204.061,4203.348,2250,3140
2021-04-29 01:17:23.148000,4204.061,4203.342,2250,2250
2021-04-29 01:17:30.584000,4204.069,4203.645,460,2250
2021-04-29 01:17:30.634000,4204.346,4203.654,2250,2250
2021-04-29 01:17:30.745000,4204.058,4203.339,2250,3140
2021-04-29 01:17:30.795000,4204.049,4203.351,2250,2250
2021-04-29 01:17:32.139000,4204.301,4203.633,2250,2250
2021-04-29 01:17:43.045000,4204.067,4203.351,2250,3140
2021-04-29 01:17:43.095000,4204.055,4203.333,2250,2250
2021-04-29 01:17:43.208000,4204.051,4203.645,460,2250
2021-04-29 01:17:43.259000,4204.367,4203.699,2250,2250
2021-04-29 01:17:45.342000,4204.046,4203.354,2250,2250
2021-04-29 01:17:45.789000,4204.054,4203.642,460,2250
2021-04-29 01:17:45.840000,4204.361,4203.654,2250,2250
2021-04-29 01:17:48.390000,4204.357,4203.833,460,2250
2021-04-29 01:17:48.440000,4204.567,4203.839,2250,2250
2021-04-29 01:17:56.776000,4204.364,4203.642,2250,3140
2021-04-29 01:17:56.827000,4204.364,4203.633,2250,2250
2021-04-29 01:17:57.101000,4204.558,4203.836,2250,2250
2021-04-29 01:18:01.545000,4204.554,4204.136,460,2250
2021-04-29 01:18:01.596000,4204.846,4204.145,2250,2250
2021-04-29 01:18:06.224000,4204.501,4203.836,2250,3140
2021-04-29 01:18:06.275000,4204.546,4203.839,2250,2250
2021-04-29 01:18:07.287000,4204.503,4204.133,460,2250
2021-04-29 01:18:07.337000,4204.867,4204.139,2250,2250
2021-04-29 01:18:07.812000,4204.764,4204.039,2250,3140
2021-04-29 01:18:07.863000,4204.761,4204.099,2250,2250
2021-04-29 01:18:08.341000,4204.748,4204.136,460,2250
2021-04-29 01:18:08.392000,4204.855,4204.151,2250,2250
2021-04-29 01:18:10.817000,4204.848,4204.399,460,2250
2021-04-29 01:18:10.868000,4205.001,4204.342,2250,2250
2021-04-29 01:18:12.874000,4204.867,4204.148,2250,3140
2021-04-29 01:18:12.925000,4204.861,4204.145,2250,2250
2021-04-29 01:18:19.060000,4204.854,4204.348,460,2250
2021-04-29 01:18:19.110000,4205.058,4204.399,2250,2250
2021-04-29 01:18:21.004000,4204.964,4204.254,2250,3140
2021-04-29 01:18:21.055000,4204.967,4204.299,2250,2250
2021-04-29 01:18:21.177000,4204.966,4204.345,460,2250
2021-04-29 01:18:21.227000,4205.001,4204.354,2250,2250
2021-04-29 01:18:26.288000,4204.961,4204.233,2250,3140
2021-04-29 01:18:26.338000,4204.967,4204.254,2250,2250
2021-04-29 01:18:26.440000,4204.852,4204.142,2250,3140
2021-04-29 01:18:26.490000,4204.846,4204.139,2250,2250
2021-04-29 01:18:52.833000,4204.501,4203.848,2250,3140
2021-04-29 01:18:52.883000,4204.567,4203.848,2250,2250
2021-04-29 01:19:03.608000,4204.861,4204.136,2250,2250
2021-04-29 01:19:15.365000,4204.854,4204.345,460,2250
2021-04-29 01:19:15.416000,4205.067,4204.342,2250,2250
2021-04-29 01:19:32.717000,4205.051,4204.648,460,2250
2021-04-29 01:19:32.768000,4205.301,4204.645,2250,2250
2021-04-29 01:19:33.991000,4205.001,4204.339,2250,3140
2021-04-29 01:19:34.041000,4205.055,4204.333,2250,2250
2021-04-29 01:19:59.677000,4204.86,4204.342,460,2250
2021-04-29 01:19:59.727000,4204.864,4204.151,2250,2250
2021-04-29 01:20:00.355000,4204.851,4204.342,460,2250
2021-04-29 01:20:00.405000,4205.064,4204.342,2250,2250
2021-04-29 01:20:02.831000,4205.003,4204.636,460,2250
2021-04-29 01:20:02.881000,4205.301,4204.645,2250,2250
2021-04-29 01:20:03.096000,4205.269,4204.642,460,2250
2021-04-29 01:20:03.147000,4205.201,4204.545,2250,2250
2021-04-29 01:20:03.442000,4205.269,4204.651,460,2250
2021-04-29 01:20:03.492000,4205.355,4204.633,2250,2250
2021-04-29 01:20:03.603000,4205.249,4204.551,2250,3140
2021-04-29 01:20:03.653000,4205.246,4204.548,2250,2250
2021-04-29 01:20:03.765000,4205.266,4204.645,460,2250
2021-04-29 01:20:03.815000,4205.301,4204.699,2250,2250
2021-04-29 01:20:04.890000,4205.369,4204.836,460,2250
2021-04-29 01:20:04.940000,4205.501,4204.899,2250,2250
2021-04-29 01:20:05.483000,4205.461,4204.742,2250,3140
2021-04-29 01:20:05.533000,4205.458,4204.745,2250,2250
2021-04-29 01:20:05.584000,4205.552,4204.848,2250,2250
2021-04-29 01:20:06.718000,4205.346,4204.639,2250,3140
2021-04-29 01:20:06.768000,4205.361,4204.645,2250,2250
2021-04-29 01:20:06.866000,4205.348,4204.839,460,2250
2021-04-29 01:20:06.916000,4205.555,4204.854,2250,2250
2021-04-29 01:20:07.189000,4205.367,4204.651,2250,3140
2021-04-29 01:20:07.239000,4205.364,4204.699,2250,2250
2021-04-29 01:20:11.165000,4205.357,4204.848,460,2250
2021-04-29 01:20:11.215000,4205.549,4204.851,2250,2250
2021-04-29 01:20:28.962000,4205.049,4204.339,2250,3140
2021-04-29 01:20:29.012000,4205.058,4204.345,2250,2250
2021-04-29 01:20:31.874000,4205.06,4204.636,460,2250
2021-04-29 01:20:31.925000,4205.367,4204.633,2250,2250
2021-04-29 01:21:06.932000,4205.201,4204.542,2250,3140
2021-04-29 01:21:06.982000,4205.264,4204.533,2250,2250
2021-04-29 01:21:07.412000,4205.203,4204.699,460,2250
2021-04-29 01:21:07.463000,4205.301,4204.639,2250,2250
2021-04-29 01:21:07.573000,4205.052,4204.333,2250,3140
2021-04-29 01:21:07.624000,4205.061,4204.345,2250,2250
2021-04-29 01:21:14.330000,4204.867,4204.139,2250,3140
2021-04-29 01:21:14.381000,4204.864,4204.142,2250,2250
2021-04-29 01:21:44.488000,4204.803,4204.339,460,2250
2021-04-29 01:21:44.538000,4205.052,4204.333,2250,2250
2021-04-29 01:21:46.232000,4204.854,4204.336,460,2250
2021-04-29 01:21:46.282000,4204.849,4204.148,2250,2250
2021-04-29 01:22:24.827000,4204.558,4203.899,2250,2250
2021-04-29 01:22:31.250000,4204.352,4203.651,2250,3140
2021-04-29 01:22:31.300000,4204.361,4203.699,2250,2250
2021-04-29 01:22:36.708000,4204.549,4203.899,2250,2250
2021-04-29 01:22:49.090000,4204.346,4203.633,2250,3140
2021-04-29 01:22:49.140000,4204.352,4203.651,2250,2250
2021-04-29 01:22:50.116000,4204.303,4203.899,460,2250
2021-04-29 01:22:50.246000,4204.564,4203.899,2250,2250
2021-04-29 01:22:57.477000,4204.301,4203.636,2250,3140
2021-04-29 01:22:57.527000,4204.364,4203.636,2250,2250
2021-04-29 01:22:58.396000,4204.36,4203.845,460,2250
2021-04-29 01:22:58.446000,4204.546,4203.848,2250,2250
2021-04-29 01:23:02.535000,4204.301,4203.651,2250,3140
2021-04-29 01:23:02.585000,4204.364,4203.639,2250,2250
2021-04-29 01:23:07.981000,4204.067,4203.348,2250,3140
2021-04-29 01:23:08.031000,4204.061,4203.336,2250,2250
2021-04-29 01:23:11.441000,4204.003,4203.636,460,2250
2021-04-29 01:23:11.491000,4204.361,4203.642,2250,2250
2021-04-29 01:23:12.492000,4204.267,4203.542,2250,3140
2021-04-29 01:23:12.543000,4204.267,4203.539,2250,2250
2021-04-29 01:23:12.652000,4204.049,4203.399,2250,3140
2021-04-29 01:23:12.703000,4204.067,4203.348,2250,2250
2021-04-29 01:23:38.546000,4203.867,4203.199,2250,3140
2021-04-29 01:23:38.596000,4203.855,4203.199,2250,2250
2021-04-29 01:23:41.914000,4203.857,4203.354,460,2250
2021-04-29 01:23:41.964000,4204.058,4203.336,2250,2250
2021-04-29 01:23:44.965000,4203.901,4203.251,2250,3140
2021-04-29 01:23:45.016000,4203.952,4203.236,2250,2250
2021-04-29 01:23:45.307000,4203.948,4203.333,460,2250
2021-04-29 01:23:45.357000,4204.001,4203.339,2250,2250
2021-04-29 01:24:00.070000,4203.949,4203.239,2250,3140
2021-04-29 01:24:00.120000,4203.946,4203.242,2250,2250
2021-04-29 01:24:01.946000,4203.948,4203.336,460,2250
2021-04-29 01:24:01.996000,4204.055,4203.354,2250,2250
2021-04-29 01:24:18.903000,4203.852,4203.151,2250,3140
2021-04-29 01:24:18.954000,4203.846,4203.142,2250,2250
2021-04-29 01:24:19.103000,4204.067,4203.348,2250,2250
2021-04-29 01:24:33.161000,4203.864,4203.148,2250,3140
2021-04-29 01:24:33.212000,4203.801,4203.151,2250,2250
2021-04-29 01:24:36.268000,4204.061,4203.336,2250,2250
2021-04-29 01:25:18.302000,4203.852,4203.148,2250,3140
2021-04-29 01:25:18.352000,4203.861,4203.151,2250,2250
2021-04-29 01:25:19.213000,4203.803,4203.242,460,2250
2021-04-29 01:25:19.263000,4203.952,4203.236,2250,2250
2021-04-29 01:25:26.142000,4203.903,4203.354,460,2250
2021-04-29 01:25:26.192000,4204.001,4203.345,2250,2250
2021-04-29 01:25:26.625000,4203.867,4203.139,2250,3140
2021-04-29 01:25:26.675000,4203.861,4203.139,2250,2250
2021-04-29 01:25:26.786000,4203.803,4203.351,460,2250
2021-04-29 01:25:26.836000,4204.067,4203.399,2250,2250
2021-04-29 01:26:02.332000,4204.06,4203.633,460,2250
2021-04-29 01:26:02.382000,4204.361,4203.654,2250,2250
2021-04-29 01:26:02.940000,4204.046,4203.333,2250,3140
2021-04-29 01:26:02.990000,4204.046,4203.354,2250,2250
2021-04-29 01:26:18.738000,4203.864,4203.145,2250,3140
2021-04-29 01:26:18.788000,4203.864,4203.154,2250,2250
2021-04-29 01:26:24.145000,4203.86,4203.351,460,2250
2021-04-29 01:26:24.195000,4204.058,4203.345,2250,2250
2021-04-29 01:26:32.228000,4203.952,4203.254,2250,3140
2021-04-29 01:26:32.278000,4203.952,4203.233,2250,2250
2021-04-29 01:26:33.382000,4203.969,4203.399,460,2250
2021-04-29 01:26:33.432000,4204.061,4203.351,2250,2250
2021-04-29 01:26:37.076000,4203.852,4203.154,2250,2250
2021-04-29 01:26:37.953000,4203.851,4203.342,460,2250
2021-04-29 01:26:38.003000,4204.064,4203.354,2250,2250
2021-04-29 01:26:40.110000,4203.861,4203.133,2250,2250
2021-04-29 01:26:54.846000,4203.869,4203.254,460,2250
2021-04-29 01:26:54.896000,4203.949,4203.254,2250,2250
2021-04-29 01:26:55.021000,4203.901,4203.233,2250,3140
2021-04-29 01:26:55.071000,4204.061,4203.399,2250,2250
2021-04-29 01:27:01.382000,4203.858,4203.154,2250,3140
2021-04-29 01:27:01.432000,4203.801,4203.139,2250,2250
2021-04-29 01:27:12.621000,4203.857,4203.348,460,2250
2021-04-29 01:27:12.672000,4204.052,4203.345,2250,2250
2021-04-29 01:27:22.055000,4203.846,4203.142,2250,3140
2021-04-29 01:27:22.105000,4203.801,4203.145,2250,2250
2021-04-29 01:27:22.217000,4203.803,4203.399,460,2250
2021-04-29 01:27:22.267000,4204.067,4203.399,2250,2250
2021-04-29 01:27:24.160000,4203.967,4203.245,2250,2250
2021-04-29 01:27:24.345000,4203.966,4203.339,460,2250
2021-04-29 01:27:24.395000,4204.061,4203.333,2250,2250
2021-04-29 01:27:41.493000,4203.846,4203.199,2250,3140
2021-04-29 01:27:41.543000,4203.852,4203.136,2250,2250
2021-04-29 01:27:46.330000,4203.851,4203.399,460,2250
2021-04-29 01:27:46.380000,4204.064,4203.399,2250,2250
2021-04-29 01:27:49.124000,4203.961,4203.242,2250,3140
2021-04-29 01:27:49.174000,4203.961,4203.251,2250,2250
2021-04-29 01:27:49.285000,4203.957,4203.339,460,2250
2021-04-29 01:27:49.336000,4204.058,4203.354,2250,2250
2021-04-29 01:27:50.236000,4203.861,4203.133,2250,2250
2021-04-29 01:27:50.574000,4203.851,4203.354,460,2250
2021-04-29 01:27:50.716000,4204.064,4203.345,2250,2250
2021-04-29 01:27:59.478000,4203.861,4203.148,2250,2250
2021-04-29 01:28:01.521000,4203.863,4203.336,460,2250
2021-04-29 01:28:01.571000,4204.049,4203.333,2250,2250
2021-04-29 01:28:03.897000,4203.849,4203.139,2250,3140
2021-04-29 01:28:03.947000,4203.846,4203.199,2250,2250
2021-04-29 01:28:10.815000,4203.854,4203.336,460,2250
2021-04-29 01:28:10.866000,4204.061,4203.342,2250,2250
2021-04-29 01:28:18.296000,4203.855,4203.133,2250,2250
2021-04-29 01:28:28.955000,4203.848,4203.342,460,2250
2021-04-29 01:28:29.005000,4204.055,4203.354,2250,2250
2021-04-29 01:29:11.118000,4204.361,4203.639,2250,2250
2021-04-29 01:30:00.716000,4204.046,4203.348,2250,3140
2021-04-29 01:30:00.766000,4204.052,4203.351,2250,2250
2021-04-29 01:30:01.702000,4204.066,4203.642,460,2250
2021-04-29 01:30:01.753000,4204.367,4203.648,2250,2250
2021-04-29 01:30:04.964000,4204.355,4203.699,2250,3140
2021-04-29 01:30:05.014000,4204.549,4203.851,2250,2250
2021-04-29 01:30:05.803000,4204.563,4204.148,460,2250
2021-04-29 01:30:05.853000,4204.861,4204.142,2250,2250
2021-04-29 01:30:09.704000,4204.555,4203.845,2250,3140
2021-04-29 01:30:09.754000,4204.552,4203.851,2250,2250
2021-04-29 01:30:09.870000,4204.855,4204.145,2250,2250
2021-04-29 01:30:10.530000,4204.567,4203.851,2250,2250
2021-04-29 01:30:16.659000,4204.361,4203.645,2250,3140
2021-04-29 01:30:16.709000,4204.352,4203.648,2250,2250
2021-04-29 01:30:16.982000,4204.357,4203.899,460,2250
2021-04-29 01:30:17.032000,4204.552,4203.899,2250,2250
2021-04-29 01:30:21.096000,4204.801,4204.139,2250,2250
2021-04-29 01:30:25.461000,4204.551,4204.139,460,2250
2021-04-29 01:30:25.512000,4204.561,4203.836,2250,2250
2021-04-29 01:30:26.179000,4204.56,4204.154,460,2250
2021-04-29 01:30:26.229000,4204.852,4204.133,2250,2250
2021-04-29 01:30:26.500000,4204.749,4204.039,2250,3140
2021-04-29 01:30:26.551000,4204.761,4204.054,2250,2250
2021-04-29 01:30:26.821000,4204.76,4204.148,460,2250
2021-04-29 01:30:26.871000,4204.801,4204.145,2250,2250
2021-04-29 01:30:28.965000,4204.567,4203.836,2250,3140
2021-04-29 01:30:29.015000,4204.561,4203.836,2250,2250
2021-04-29 01:30:34.257000,4204.557,4204.133,460,2250
2021-04-29 01:30:34.308000,4204.849,4204.142,2250,2250
2021-04-29 01:30:43.649000,4204.851,4204.339,460,2250
2021-04-29 01:30:43.699000,4205.064,4204.345,2250,2250
2021-04-29 01:30:54.335000,4205.069,4204.654,460,2250
2021-04-29 01:30:54.385000,4205.301,4204.633,2250,2250
2021-04-29 01:30:59.191000,4205.001,4204.333,2250,3140
2021-04-29 01:30:59.242000,4205.046,4204.354,2250,2250
2021-04-29 01:31:08.419000,4205.066,4204.636,460,2250
2021-04-29 01:31:08.469000,4205.367,4204.654,2250,2250
2021-04-29 01:31:13.828000,4205.052,4204.348,2250,3140
2021-04-29 01:31:13.878000,4205.061,4204.351,2250,2250
2021-04-29 01:31:25.153000,4205.301,4204.636,2250,2250
2021-04-29 01:31:31.104000,4205.046,4204.351,2250,3140
2021-04-29 01:31:31.155000,4205.046,4204.333,2250,2250
2021-04-29 01:31:38.076000,4205.069,4204.639,460,2250
2021-04-29 01:31:38.127000,4205.346,4204.639,2250,2250
2021-04-29 01:31:43.734000,4205.201,4204.545,2250,3140
2021-04-29 01:31:43.785000,4205.249,4204.599,2250,2250
2021-04-29 01:31:44.056000,4205.248,4204.654,460,2250
2021-04-29 01:31:44.106000,4205.352,4204.645,2250,2250
2021-04-29 01:31:45.215000,4205.055,4204.333,2250,2250
2021-04-29 01:31:46.783000,4205.06,4204.599,460,2250
2021-04-29 01:31:46.834000,4205.261,4204.551,2250,2250
2021-04-29 01:31:47.269000,4205.055,4204.399,2250,2250
2021-04-29 01:31:49.624000,4205.066,4204.651,460,2250
2021-04-29 01:31:49.674000,4205.349,4204.645,2250,2250
2021-04-29 01:31:50.153000,4205.249,4204.599,2250,3140
2021-04-29 01:31:50.203000,4205.258,4204.539,2250,2250
2021-04-29 01:31:50.613000,4205.248,4204.645,460,2250
2021-04-29 01:31:50.663000,4205.346,4204.636,2250,2250
2021-04-29 01:31:51.437000,4205.258,4204.554,2250,3140
2021-04-29 01:31:51.487000,4205.255,4204.542,2250,2250
2021-04-29 01:31:51.645000,4205.254,4204.645,460,2250
2021-04-29 01:31:51.696000,4205.358,4204.645,2250,2250
2021-04-29 01:31:51.960000,4205.049,4204.342,2250,3140
2021-04-29 01:31:52.011000,4205.064,4204.336,2250,2250
2021-04-29 01:31:55.201000,4205.06,4204.554,460,2250
2021-04-29 01:31:55.251000,4205.201,4204.545,2250,2250
2021-04-29 01:31:55.454000,4205.003,4204.533,460,2250
2021-04-29 01:31:55.504000,4205.067,4204.333,2250,2250
2021-04-29 01:31:55.617000,4205.061,4204.336,2250,3140
2021-04-29 01:31:55.667000,4205.249,4204.539,2250,2250
2021-04-29 01:31:56.181000,4205.352,4204.651,2250,2250
2021-04-29 01:31:56.952000,4205.354,4204.854,460,2250
2021-04-29 01:31:57.003000,4205.546,4204.845,2250,2250
2021-04-29 01:31:57.113000,4205.446,4204.742,2250,3140
2021-04-29 01:31:57.163000,4205.461,4204.742,2250,2250
2021-04-29 01:31:57.319000,4205.355,4204.654,2250,3140
2021-04-29 01:31:57.370000,4205.355,4204.651,2250,2250
2021-04-29 01:32:06.411000,4205.546,4204.899,2250,2250
2021-04-29 01:32:11.192000,4205.301,4204.651,2250,3140
2021-04-29 01:32:11.242000,4205.367,4204.633,2250,2250
2021-04-29 01:32:11.856000,4205.36,4204.842,460,2250
2021-04-29 01:32:11.906000,4205.555,4204.839,2250,2250
2021-04-29 01:32:12.685000,4205.455,4204.733,2250,2250
2021-04-29 01:32:13.270000,4205.458,4204.754,2250,3140
2021-04-29 01:32:13.321000,4205.546,4204.842,2250,2250
2021-04-29 01:32:14.384000,4205.464,4204.742,2250,3140
2021-04-29 01:32:14.434000,4205.446,4204.736,2250,2250
2021-04-29 01:32:15.272000,4205.46,4204.848,460,2250
2021-04-29 01:32:15.322000,4205.549,4204.899,2250,2250
2021-04-29 01:32:16.430000,4205.401,4204.736,2250,2250
2021-04-29 01:32:16.787000,4205.403,4204.851,460,2250
2021-04-29 01:32:16.838000,4205.567,4204.851,2250,2250
2021-04-29 01:32:17.106000,4205.461,4204.745,2250,3140
2021-04-29 01:32:17.156000,4205.458,4204.748,2250,2250
2021-04-29 01:32:17.305000,4205.301,4204.642,2250,2250
2021-04-29 01:32:23.128000,4205.064,4204.333,2250,3140
2021-04-29 01:32:23.178000,4205.058,4204.399,2250,2250
2021-04-29 01:32:23.982000,4205.069,4204.645,460,2250
2021-04-29 01:32:24.033000,4205.346,4204.633,2250,2250
2021-04-29 01:32:24.494000,4205.267,4204.533,2250,3140
2021-04-29 01:32:24.544000,4205.258,4204.548,2250,2250
2021-04-29 01:32:24.828000,4205.257,4204.642,460,2250
2021-04-29 01:32:24.878000,4205.361,4204.648,2250,2250
2021-04-29 01:32:32.305000,4205.258,4204.599,2250,3140
2021-04-29 01:32:32.355000,4205.264,4204.548,2250,2250
2021-04-29 01:32:32.623000,4205.046,4204.351,2250,3140
2021-04-29 01:32:32.673000,4205.061,4204.345,2250,2250
2021-04-29 01:32:37.489000,4204.855,4204.133,2250,3140
2021-04-29 01:32:37.539000,4204.855,4204.136,2250,2250
2021-04-29 01:32:40.920000,4204.849,4204.133,2250,3140
2021-04-29 01:32:40.970000,4205.058,4204.333,2250,2250
2021-04-29 01:32:42.259000,4204.961,4204.245,2250,3140
2021-04-29 01:32:42.310000,4204.961,4204.248,2250,2250
2021-04-29 01:32:42.423000,4204.951,4204.342,460,2250
2021-04-29 01:32:42.473000,4205.067,4204.399,2250,2250
2021-04-29 01:32:48.098000,4204.952,4204.251,2250,3140
2021-04-29 01:32:48.148000,4204.946,4204.239,2250,2250
2021-04-29 01:32:48.262000,4204.852,4204.142,2250,3140
2021-04-29 01:32:48.312000,4204.861,4204.133,2250,2250
2021-04-29 01:32:48.423000,4204.851,4204.239,460,2250
2021-04-29 01:32:48.473000,4204.958,4204.299,2250,2250
2021-04-29 01:32:48.661000,4205.055,4204.348,2250,2250
2021-04-29 01:33:10.657000,4204.849,4204.151,2250,3140
2021-04-29 01:33:10.707000,4204.864,4204.148,2250,2250
2021-04-29 01:33:36.266000,4204.564,4203.836,2250,2250
2021-04-29 01:33:38.698000,4204.569,4204.136,460,2250
2021-04-29 01:33:38.748000,4204.858,4204.133,2250,2250
2021-04-29 01:33:38.856000,4204.749,4204.036,2250,3140
2021-04-29 01:33:38.906000,4204.746,4204.051,2250,2250
2021-04-29 01:33:39.018000,4204.703,4204.199,460,2250
2021-04-29 01:33:39.068000,4204.849,4204.133,2250,2250
2021-04-29 01:33:43.095000,4204.558,4203.839,2250,3140
2021-04-29 01:33:43.145000,4204.555,4203.842,2250,2250
2021-04-29 01:33:45.725000,4204.566,4204.133,460,2250
2021-04-29 01:33:45.776000,4204.846,4204.133,2250,2250
2021-04-29 01:34:00.461000,4204.866,4204.339,460,2250
2021-04-29 01:34:00.511000,4205.064,4204.399,2250,2250
2021-04-29 01:34:04.502000,4205.003,4204.639,460,2250
2021-04-29 01:34:04.553000,4205.355,4204.633,2250,2250
2021-04-29 01:34:08.249000,4205.363,4204.854,460,2250
2021-04-29 01:34:08.299000,4205.561,4204.848,2250,2250
2021-04-29 01:34:09.237000,4205.355,4204.651,2250,3140
2021-04-29 01:34:09.288000,4205.367,4204.645,2250,2250
2021-04-29 01:34:42.205000,4205.001,4204.333,2250,2250
2021-04-29 01:34:54.910000,4204.846,4204.154,2250,3140
2021-04-29 01:34:54.960000,4204.849,4204.151,2250,2250
2021-04-29 01:34:56.238000,4204.854,4204.336,460,2250
2021-04-29 01:34:56.288000,4205.061,4204.354,2250,2250
2021-04-29 01:34:57.367000,4204.964,4204.242,2250,3140
2021-04-29 01:34:57.418000,4204.949,4204.239,2250,2250
2021-04-29 01:34:58.564000,4204.858,4204.151,2250,3140
2021-04-29 01:34:58.614000,4204.846,4204.199,2250,2250
2021-04-29 01:34:59.438000,4204.869,4204.254,460,2250
2021-04-29 01:34:59.488000,4204.967,4204.299,2250,2250
2021-04-29 01:34:59.587000,4204.957,4204.333,460,2250
2021-04-29 01:34:59.638000,4205.064,4204.351,2250,2250
2021-04-29 01:35:00.674000,4205.057,4204.648,460,2250
2021-04-29 01:35:00.724000,4205.361,4204.699,2250,2250
2021-04-29 01:35:04.044000,4205.351,4204.742,460,2250
2021-04-29 01:35:04.094000,4205.461,4204.739,2250,2250
2021-04-29 01:35:04.205000,4205.348,4204.739,460,2250
2021-04-29 01:35:04.255000,4205.364,4204.648,2250,2250
2021-04-29 01:35:15.263000,4205.367,4204.642,2250,3140
2021-04-29 01:35:15.313000,4205.552,4204.899,2250,2250
2021-04-29 01:35:19.175000,4205.56,4205.142,460,2250
2021-04-29 01:35:19.225000,4205.846,4205.199,2250,2250
2021-04-29 01:35:28.458000,4205.567,4204.836,2250,3140
2021-04-29 01:35:28.509000,4205.546,4204.836,2250,2250
2021-04-29 01:35:28.957000,4205.767,4205.042,2250,2250
2021-04-29 01:35:29.101000,4205.501,4204.854,2250,3140
2021-04-29 01:35:29.152000,4205.555,4204.899,2250,2250
2021-04-29 01:35:43.533000,4205.358,4204.642,2250,2250
2021-04-29 01:35:43.645000,4205.354,4204.842,460,2250
2021-04-29 01:35:43.695000,4205.552,4204.845,2250,2250
2021-04-29 01:35:44.192000,4205.346,4204.639,2250,2250
2021-04-29 01:35:44.345000,4205.348,4204.742,460,2250
2021-04-29 01:35:44.395000,4205.455,4204.751,2250,2250
2021-04-29 01:35:45.003000,4205.403,4204.845,460,2250
2021-04-29 01:35:45.054000,4205.558,4204.836,2250,2250
2021-04-29 01:35:45.182000,4205.361,4204.642,2250,2250
2021-04-29 01:35:45.318000,4205.363,4204.833,460,2250
2021-04-29 01:35:45.369000,4205.549,4204.848,2250,2250
2021-04-29 01:36:06.871000,4205.557,4205.142,460,2250
2021-04-29 01:36:06.921000,4205.846,4205.133,2250,2250
2021-04-29 01:36:09.295000,4205.857,4205.342,460,2250
2021-04-29 01:36:09.346000,4206.058,4205.345,2250,2250
2021-04-29 01:36:10.799000,4205.846,4205.148,2250,3140
2021-04-29 01:36:10.850000,4205.801,4205.136,2250,2250
2021-04-29 01:36:12.554000,4205.552,4204.848,2250,3140
2021-04-29 01:36:12.605000,4205.501,4204.833,2250,2250
2021-04-29 01:36:18.566000,4205.858,4205.151,2250,2250
2021-04-29 01:36:21.365000,4205.546,4204.833,2250,3140
2021-04-29 01:36:21.415000,4205.558,4204.833,2250,2250
2021-04-29 01:36:21.537000,4205.746,4205.051,2250,2250
2021-04-29 01:36:21.867000,4205.549,4204.836,2250,2250
2021-04-29 01:36:27.674000,4205.355,4204.639,2250,3140
2021-04-29 01:36:27.724000,4205.352,4204.639,2250,2250
2021-04-29 01:37:10.182000,4205.001,4204.399,2250,3140
2021-04-29 01:37:10.233000,4205.049,4204.399,2250,2250
2021-04-29 01:37:12.648000,4204.858,4204.199,2250,3140
2021-04-29 01:37:12.699000,4204.867,4204.142,2250,2250
2021-04-29 01:37:29.238000,4204.501,4203.899,2250,3140
2021-04-29 01:37:29.288000,4204.546,4203.836,2250,2250
2021-04-29 01:37:31.480000,4204.557,4204.033,460,2250
2021-04-29 01:37:31.531000,4204.758,4204.054,2250,2250
2021-04-29 01:37:32.431000,4204.567,4203.839,2250,3140
2021-04-29 01:37:32.481000,4204.549,4203.851,2250,2250
2021-04-29 01:37:42.076000,4204.557,4204.151,460,2250
2021-04-29 01:37:42.126000,4204.849,4204.139,2250,2250
2021-04-29 01:38:12.378000,4204.854,4204.299,460,2250
2021-04-29 01:38:12.429000,4204.967,4204.254,2250,2250
2021-04-29 01:38:12.535000,4204.858,4204.142,2250,2250
2021-04-29 01:38:16.309000,4204.848,4204.399,460,2250
2021-04-29 01:38:16.359000,4205.067,4204.351,2250,2250
2021-04-29 01:38:17.341000,4204.946,4204.233,2250,3140
2021-04-29 01:38:17.391000,4204.967,4204.299,2250,2250
2021-04-29 01:38:17.846000,4204.855,4204.136,2250,2250
2021-04-29 01:38:19.024000,4204.869,4204.336,460,2250
2021-04-29 01:38:19.075000,4205.055,4204.333,2250,2250
2021-04-29 01:38:38.146000,4205.258,4204.545,2250,2250
2021-04-29 01:38:38.476000,4205.055,4204.339,2250,2250
2021-04-29 01:38:39.481000,4205.057,4204.651,460,2250
2021-04-29 01:38:39.532000,4205.301,4204.648,2250,2250
2021-04-29 01:38:42.497000,4205.357,4204.842,460,2250
2021-04-29 01:38:42.548000,4205.564,4204.851,2250,2250
2021-04-29 01:38:45.332000,4205.349,4204.648,2250,3140
2021-04-29 01:38:45.383000,4205.346,4204.636,2250,2250
2021-04-29 01:38:45.925000,4205.303,4204.799,460,2250
2021-04-29 01:38:45.975000,4205.464,4204.739,2250,2250
2021-04-29 01:38:46.181000,4205.355,4204.633,2250,3140
2021-04-29 01:38:46.232000,4205.355,4204.642,2250,2250
2021-04-29 01:38:46.985000,4205.567,4204.836,2250,2250
2021-04-29 01:38:52.265000,4205.56,4205.142,460,2250
2021-04-29 01:38:52.315000,4205.846,4205.151,2250,2250
2021-04-29 01:38:52.881000,4205.564,4204.839,2250,3140
2021-04-29 01:38:52.931000,4205.555,4204.899,2250,2250
2021-04-29 01:38:53.486000,4205.569,4205.051,460,2250
2021-04-29 01:38:53.536000,4205.752,4205.036,2250,2250
2021-04-29 01:38:53.820000,4205.751,4205.133,460,2250
2021-04-29 01:38:53.870000,4205.855,4205.142,2250,2250
2021-04-29 01:39:03.356000,4205.848,4205.242,460,2250
2021-04-29 01:39:03.406000,4205.967,4205.242,2250,2250
2021-04-29 01:39:03.788000,4205.803,4205.254,460,2250
2021-04-29 01:39:03.838000,4205.846,4205.136,2250,2250
2021-04-29 01:39:03.994000,4205.964,4205.245,2250,2250
2021-04-29 01:39:04.114000,4205.852,4205.136,2250,3140
2021-04-29 01:39:04.164000,4205.846,4205.199,2250,2250
2021-04-29 01:39:04.271000,4205.849,4205.154,2250,3140
2021-04-29 01:39:04.321000,4206.046,4205.336,2250,2250
2021-04-29 01:39:04.433000,4205.867,4205.142,2250,2250
2021-04-29 01:39:04.754000,4205.964,4205.299,2250,2250
2021-04-29 01:39:04.916000,4205.852,4205.136,2250,3140
2021-04-29 01:39:04.966000,4205.867,4205.145,2250,2250
2021-04-29 01:39:05.247000,4205.863,4205.342,460,2250
2021-04-29 01:39:05.297000,4206.058,4205.339,2250,2250
2021-04-29 01:39:05.645000,4205.961,4205.251,2250,2250
2021-04-29 01:39:05.767000,4205.846,4205.133,2250,2250
2021-04-29 01:39:07.956000,4206.046,4205.339,2250,2250
2021-04-29 01:39:09.935000,4205.858,4205.133,2250,2250
2021-04-29 01:39:10.080000,4205.857,4205.348,460,2250
2021-04-29 01:39:10.130000,4206.052,4205.336,2250,2250
2021-04-29 01:39:10.265000,4205.961,4205.242,2250,2250
2021-04-29 01:39:10.596000,4206.046,4205.399,2250,2250
2021-04-29 01:39:22.482000,4205.864,4205.142,2250,3140
2021-04-29 01:39:22.533000,4205.855,4205.136,2250,2250
2021-04-29 01:39:23.143000,4205.967,4205.248,2250,2250
2021-04-29 01:39:23.473000,4205.858,4205.145,2250,2250
2021-04-29 01:39:24.800000,4205.857,4205.242,460,2250
2021-04-29 01:39:24.850000,4205.958,4205.251,2250,2250
2021-04-29 01:39:25.691000,4205.858,4205.151,2250,3140
2021-04-29 01:39:25.742000,4205.858,4205.133,2250,2250
2021-04-29 01:39:27.014000,4205.869,4205.342,460,2250
2021-04-29 01:39:27.065000,4206.061,4205.354,2250,2250
2021-04-29 01:39:27.180000,4205.967,4205.248,2250,2250
2021-04-29 01:39:27.339000,4205.864,4205.142,2250,3140
2021-04-29 01:39:27.389000,4205.849,4205.142,2250,2250
2021-04-29 01:39:30.471000,4205.555,4204.848,2250,2250
2021-04-29 01:39:50.987000,4205.503,4205.142,460,2250
2021-04-29 01:39:51.037000,4205.861,4205.151,2250,2250
2021-04-29 01:39:54.386000,4205.803,4205.245,460,2250
2021-04-29 01:39:54.436000,4205.955,4205.251,2250,2250
2021-04-29 01:39:55.265000,4205.864,4205.154,2250,3140
2021-04-29 01:39:55.316000,4205.864,4205.154,2250,2250
2021-04-29 01:39:55.431000,4205.86,4205.342,460,2250
2021-04-29 01:39:55.481000,4206.061,4205.336,2250,2250
2021-04-29 01:39:56.155000,4205.949,4205.242,2250,3140
2021-04-29 01:39:56.206000,4205.946,4205.239,2250,2250
2021-04-29 01:39:56.895000,4205.903,4205.342,460,2250
2021-04-29 01:39:56.945000,4206.052,4205.333,2250,2250
2021-04-29 01:40:03.260000,4206.067,4205.354,2250,3140
2021-04-29 01:40:03.310000,4206.349,4205.651,2250,2250
2021-04-29 01:40:06.119000,4206.001,4205.399,2250,3140
2021-04-29 01:40:06.169000,4206.055,4205.351,2250,2250
2021-04-29 01:40:07.042000,4206.301,4205.645,2250,2250
2021-04-29 01:40:07.180000,4206.049,4205.348,2250,3140
2021-04-29 01:40:07.231000,4206.055,4205.351,2250,2250
2021-04-29 01:40:10.096000,4206.066,4205.551,460,2250
2021-04-29 01:40:10.146000,4206.255,4205.554,2250,2250
2021-04-29 01:40:10.294000,4206.249,4205.554,2250,3140
2021-04-29 01:40:10.344000,4206.367,4205.645,2250,2250
2021-04-29 01:40:10.451000,4206.001,4205.351,2250,3140
2021-04-29 01:40:10.501000,4206.061,4205.354,2250,2250
2021-04-29 01:40:11.552000,4206.066,4205.533,460,2250
2021-04-29 01:40:11.603000,4206.255,4205.533,2250,2250
2021-04-29 01:40:11.801000,4206.263,4205.636,460,2250
2021-04-29 01:40:11.852000,4206.367,4205.645,2250,2250
2021-04-29 01:40:11.995000,4206.255,4205.554,2250,2250
2021-04-29 01:40:12.162000,4206.269,4205.699,460,2250
2021-04-29 01:40:12.212000,4206.301,4205.645,2250,2250
2021-04-29 01:40:41.040000,4206.049,4205.351,2250,3140
2021-04-29 01:40:41.091000,4206.064,4205.354,2250,2250
2021-04-29 01:40:43.484000,4206.361,4205.642,2250,2250
2021-04-29 01:41:11.566000,4206.058,4205.354,2250,3140
2021-04-29 01:41:11.616000,4206.058,4205.351,2250,2250
2021-04-29 01:42:00.711000,4206.06,4205.639,460,2250
2021-04-29 01:42:00.761000,4206.358,4205.699,2250,2250
2021-04-29 01:42:16.065000,4206.348,4205.845,460,2250
2021-04-29 01:42:16.116000,4206.555,4205.851,2250,2250
2021-04-29 01:42:18.342000,4206.554,4206.199,460,2250
2021-04-29 01:42:18.393000,4206.849,4206.151,2250,2250
2021-04-29 01:42:27.326000,4206.86,4206.333,460,2250
2021-04-29 01:42:27.377000,4207.046,4206.342,2250,2250
2021-04-29 01:42:29.882000,4206.849,4206.151,2250,3140
2021-04-29 01:42:29.933000,4206.861,4206.148,2250,2250
2021-04-29 01:42:36.759000,4206.564,4205.845,2250,3140
2021-04-29 01:42:36.810000,4206.558,4205.848,2250,2250
2021-04-29 01:42:40.053000,4206.358,4205.642,2250,3140
2021-04-29 01:42:40.103000,4206.364,4205.636,2250,2250
2021-04-29 01:43:03.276000,4206.064,4205.354,2250,3140
2021-04-29 01:43:03.326000,4206.058,4205.345,2250,2250
2021-04-29 01:43:19.939000,4206.054,4205.642,460,2250
2021-04-29 01:43:19.989000,4206.346,4205.645,2250,2250
2021-04-29 01:43:22.111000,4206.055,4205.399,2250,3140
2021-04-29 01:43:22.162000,4206.001,4205.399,2250,2250
2021-04-29 01:43:22.765000,4206.06,4205.545,460,2250
2021-04-29 01:43:22.815000,4206.264,4205.599,2250,2250
2021-04-29 01:43:22.925000,4206.067,4205.339,2250,3140
2021-04-29 01:43:22.975000,4206.052,4205.333,2250,2250
2021-04-29 01:43:23.332000,4206.003,4205.645,460,2250
2021-04-29 01:43:23.383000,4206.352,4205.636,2250,2250
2021-04-29 01:43:23.921000,4206.246,4205.551,2250,3140
2021-04-29 01:43:23.971000,4206.255,4205.548,2250,2250
2021-04-29 01:43:24.286000,4206.257,4205.651,460,2250
2021-04-29 01:43:24.337000,4206.352,4205.651,2250,2250
2021-04-29 01:43:24.446000,4206.249,4205.536,2250,3140
2021-04-29 01:43:24.496000,4206.201,4205.551,2250,2250
2021-04-29 01:43:25.080000,4206.061,4205.333,2250,3140
2021-04-29 01:43:25.130000,4206.061,4205.354,2250,2250
2021-04-29 01:43:25.413000,4206.054,4205.542,460,2250
2021-04-29 01:43:25.463000,4206.264,4205.551,2250,2250
2021-04-29 01:43:25.894000,4206.054,4205.551,460,2250
2021-04-29 01:43:25.944000,4206.046,4205.354,2250,2250
2021-04-29 01:43:26.425000,4206.049,4205.345,2250,3140
2021-04-29 01:43:26.476000,4206.267,4205.599,2250,2250
2021-04-29 01:43:27.421000,4206.26,4205.648,460,2250
2021-04-29 01:43:27.471000,4206.355,4205.651,2250,2250
2021-04-29 01:43:42.412000,4206.003,4205.636,460,2250
2021-04-29 01:43:42.462000,4206.049,4205.345,2250,2250
2021-04-29 01:43:52.137000,4206.046,4205.345,2250,3140
2021-04-29 01:43:52.187000,4206.355,4205.645,2250,2250
2021-04-29 01:43:52.454000,4206.061,4205.336,2250,3140
2021-04-29 01:43:52.505000,4206.046,4205.345,2250,2250
2021-04-29 01:44:00.860000,4206.367,4205.633,2250,2250
2021-04-29 01:44:03.170000,4206.046,4205.399,2250,2250
2021-04-29 01:44:03.830000,4206.358,4205.651,2250,2250
2021-04-29 01:44:05.150000,4206.255,4205.554,2250,2250
2021-04-29 01:44:05.337000,4206.254,4205.645,460,2250
2021-04-29 01:44:05.388000,4206.364,4205.639,2250,2250
2021-04-29 01:44:05.660000,4206.246,4205.536,2250,3140
2021-04-29 01:44:05.710000,4206.264,4205.545,2250,2250
2021-04-29 01:44:05.821000,4206.055,4205.333,2250,3140
2021-04-29 01:44:05.871000,4206.058,4205.345,2250,2250
2021-04-29 01:44:18.520000,4206.06,4205.654,460,2250
2021-04-29 01:44:18.571000,4206.346,4205.654,2250,2250
2021-04-29 01:45:00.796000,4206.364,4205.639,2250,3140
2021-04-29 01:45:00.846000,4206.501,4205.851,2250,2250
2021-04-29 01:45:08.686000,4206.569,4206.154,460,2250
2021-04-29 01:45:08.737000,4206.849,4206.145,2250,2250
2021-04-29 01:45:09.963000,4206.555,4205.839,2250,2250
2021-04-29 01:45:11.338000,4206.566,4206.048,460,2250
2021-04-29 01:45:11.389000,4206.758,4206.036,2250,2250
2021-04-29 01:45:11.801000,4206.763,4206.136,460,2250
2021-04-29 01:45:11.851000,4206.858,4206.142,2250,2250
2021-04-29 01:45:11.962000,4206.549,4205.842,2250,3140
2021-04-29 01:45:12.013000,4206.561,4205.839,2250,2250
2021-04-29 01:45:15.576000,4206.858,4206.142,2250,2250
2021-04-29 01:45:16.718000,4206.558,4205.848,2250,3140
2021-04-29 01:45:16.769000,4206.567,4205.848,2250,2250
2021-04-29 01:45:38.350000,4206.361,4205.636,2250,2250
2021-04-29 01:45:39.713000,4206.064,4205.354,2250,3140
2021-04-29 01:45:39.764000,4206.049,4205.342,2250,2250
2021-04-29 01:45:41.269000,4206.051,4205.651,460,2250
2021-04-29 01:45:41.320000,4206.364,4205.639,2250,2250
2021-04-29 01:45:52.548000,4206.555,4205.836,2250,2250
2021-04-29 01:45:54.134000,4206.358,4205.651,2250,3140
2021-04-29 01:45:54.184000,4206.358,4205.642,2250,2250
2021-04-29 01:46:00.633000,4206.552,4205.839,2250,2250
2021-04-29 01:46:21.419000,4206.358,4205.633,2250,2250
2021-04-29 01:46:31.651000,4206.366,4205.845,460,2250
2021-04-29 01:46:31.702000,4206.549,4205.836,2250,2250
2021-04-29 01:46:34.585000,4206.364,4205.636,2250,2250
2021-04-29 01:46:37.667000,4206.366,4206.136,460,2250
2021-04-29 01:46:37.718000,4206.861,4206.133,2250,2250
2021-04-29 01:46:39.094000,4206.552,4205.833,2250,3140
2021-04-29 01:46:39.144000,4206.564,4205.836,2250,2250
2021-04-29 01:46:50.843000,4206.554,4206.139,460,2250
2021-04-29 01:46:50.894000,4206.846,4206.139,2250,2250
2021-04-29 01:46:54.278000,4207.046,4206.354,2250,2250
2021-04-29 01:46:54.608000,4207.301,4206.654,2250,2250
2021-04-29 01:47:06.989000,4207.357,4206.854,460,2250
2021-04-29 01:47:07.040000,4207.564,4206.845,2250,2250
2021-04-29 01:47:12.562000,4207.301,4206.699,2250,3140
2021-04-29 01:47:12.612000,4207.364,4206.636,2250,2250
2021-04-29 01:47:21.071000,4207.001,4206.336,2250,3140
2021-04-29 01:47:21.121000,4207.049,4206.339,2250,2250
2021-04-29 01:47:29.864000,4207.051,4206.636,460,2250
2021-04-29 01:47:29.915000,4207.355,4206.645,2250,2250
2021-04-29 01:47:47.939000,4207.046,4206.345,2250,3140
2021-04-29 01:47:47.989000,4207.001,4206.354,2250,2250
2021-04-29 01:48:07.039000,4207.054,4206.645,460,2250
2021-04-29 01:48:07.090000,4207.355,4206.639,2250,2250
2021-04-29 01:48:17.055000,4207.052,4206.399,2250,3140
2021-04-29 01:48:17.105000,4207.067,4206.351,2250,2250
2021-04-29 01:48:41.331000,4207.054,4206.651,460,2250
2021-04-29 01:48:41.381000,4207.355,4206.654,2250,2250
2021-04-29 01:48:42.720000,4207.064,4206.351,2250,3140
2021-04-29 01:48:42.770000,4207.067,4206.348,2250,2250
2021-04-29 01:48:45.134000,4207.069,4206.639,460,2250
2021-04-29 01:48:45.184000,4207.355,4206.651,2250,2250
2021-04-29 01:48:48.723000,4207.046,4206.351,2250,2250
2021-04-29 01:48:49.468000,4207.066,4206.633,460,2250
2021-04-29 01:48:49.518000,4207.364,4206.636,2250,2250
2021-04-29 01:48:52.019000,4207.001,4206.342,2250,3140
2021-04-29 01:48:52.069000,4207.049,4206.336,2250,2250
2021-04-29 01:49:14.212000,4207.06,4206.648,460,2250
2021-04-29 01:49:14.262000,4207.361,4206.645,2250,2250
2021-04-29 01:49:42.953000,4207.357,4206.833,460,2250
2021-04-29 01:49:43.004000,4207.552,4206.845,2250,2250
2021-04-29 01:49:46.692000,4207.364,4206.648,2250,3140
2021-04-29 01:49:46.742000,4207.352,4206.699,2250,2250
2021-04-29 01:50:01.280000,4207.351,4206.848,460,2250
2021-04-29 01:50:01.330000,4207.546,4206.842,2250,2250
2021-04-29 01:50:15.981000,4207.346,4206.651,2250,3140
2021-04-29 01:50:16.032000,4207.364,4206.654,2250,2250
2021-04-29 01:50:18.311000,4207.348,4206.848,460,2250
2021-04-29 01:50:18.362000,4207.561,4206.836,2250,2250
2021-04-29 01:50:52.793000,4207.551,4207.142,460,2250
2021-04-29 01:50:52.844000,4207.846,4207.145,2250,2250
2021-04-29 01:50:54.674000,4207.564,4206.848,2250,3140
2021-04-29 01:50:54.724000,4207.552,4206.842,2250,2250
2021-04-29 01:50:55.743000,4207.551,4207.199,460,2250
2021-04-29 01:50:55.794000,4207.861,4207.154,2250,2250
2021-04-29 01:51:26.630000,4207.501,4206.899,2250,3140
2021-04-29 01:51:26.680000,4207.564,4206.842,2250,2250
2021-04-29 01:51:51.841000,4207.367,4206.642,2250,3140
2021-04-29 01:51:51.891000,4207.367,4206.633,2250,2250
2021-04-29 01:52:02.133000,4207.552,4206.839,2250,2250
2021-04-29 01:52:42.182000,4207.355,4206.651,2250,2250
2021-04-29 01:52:42.885000,4207.36,4206.899,460,2250
2021-04-29 01:52:42.936000,4207.555,4206.839,2250,2250
2021-04-29 01:52:43.861000,4207.367,4206.654,2250,3140
2021-04-29 01:52:43.912000,4207.358,4206.699,2250,2250
2021-04-29 01:52:45.972000,4207.351,4206.833,460,2250
2021-04-29 01:52:46.023000,4207.567,4206.899,2250,2250
2021-04-29 01:53:08.135000,4207.554,4207.145,460,2250
2021-04-29 01:53:08.186000,4207.867,4207.139,2250,2250
2021-04-29 01:53:09.397000,4207.567,4206.899,2250,3140
2021-04-29 01:53:09.447000,4207.501,4206.839,2250,2250
2021-04-29 01:53:10.238000,4207.749,4207.042,2250,2250
2021-04-29 01:53:12.011000,4207.552,4206.833,2250,3140
2021-04-29 01:53:12.062000,4207.555,4206.848,2250,2250
2021-04-29 01:53:12.163000,4207.752,4207.048,2250,2250
2021-04-29 01:53:12.326000,4207.567,4206.899,2250,3140
2021-04-29 01:53:12.376000,4207.552,4206.836,2250,2250
2021-04-29 01:53:12.649000,4207.551,4207.042,460,2250
2021-04-29 01:53:12.699000,4207.761,4207.054,2250,2250
2021-04-29 01:53:12.817000,4207.769,4207.139,460,2250
2021-04-29 01:53:12.867000,4207.858,4207.199,2250,2250
2021-04-29 01:53:51.999000,4207.552,4206.848,2250,3140
2021-04-29 01:53:52.049000,4207.501,4206.839,2250,2250
2021-04-29 01:53:56.484000,4207.563,4207.133,460,2250
2021-04-29 01:53:56.534000,4207.855,4207.199,2250,2250
2021-04-29 01:54:24.547000,4207.567,4206.851,2250,2250
2021-04-29 01:55:18.948000,4207.548,4207.148,460,2250
2021-04-29 01:55:18.999000,4207.858,4207.154,2250,2250
2021-04-29 01:55:28.314000,4207.558,4206.839,2250,3140
2021-04-29 01:55:28.364000,4207.546,4206.851,2250,2250
2021-04-29 01:55:29.373000,4207.551,4207.133,460,2250
2021-04-29 01:55:29.424000,4207.864,4207.142,2250,2250
2021-04-29 01:55:49.302000,4207.866,4207.339,460,2250
2021-04-29 01:55:49.352000,4208.055,4207.333,2250,2250
2021-04-29 01:56:02.106000,4208.049,4207.345,2250,3140
2021-04-29 01:56:02.156000,4208.552,4207.842,2250,2250
2021-04-29 01:56:02.257000,4208.864,4208.199,2250,2250
2021-04-29 01:56:06.613000,4208.869,4208.651,460,2250
2021-04-29 01:56:06.664000,4209.367,4208.648,2250,2250
2021-04-29 01:56:12.383000,4209.357,4208.833,460,2250
2021-04-29 01:56:12.434000,4209.561,4208.851,2250,2250
2021-04-29 01:56:14.009000,4209.554,4209.148,460,2250
2021-04-29 01:56:14.059000,4209.867,4209.136,2250,2250
2021-04-29 01:56:17.447000,4209.56,4209.136,460,2250
2021-04-29 01:56:17.498000,4209.549,4208.833,2250,2250
2021-04-29 01:56:20.647000,4209.355,4208.654,2250,3140
2021-04-29 01:56:20.698000,4209.352,4208.648,2250,2250
2021-04-29 01:56:37.968000,4209.303,4208.854,460,2250
2021-04-29 01:56:38.019000,4209.564,4208.851,2250,2250
2021-04-29 01:56:43.670000,4209.861,4209.148,2250,2250
2021-04-29 01:56:47.770000,4209.851,4209.336,460,2250
2021-04-29 01:56:47.820000,4210.001,4209.345,2250,2250
2021-04-29 01:56:50.122000,4210.064,4209.336,2250,3140
2021-04-29 01:56:50.172000,4210.367,4209.699,2250,2250
2021-04-29 01:56:50.332000,4210.357,4209.637,460,890
2021-04-29 01:56:50.382000,4211.264,4210.548,2250,2250
2021-04-29 01:56:50.497000,4211.257,4210.636,460,2250
2021-04-29 01:56:50.547000,4211.364,4210.645,2250,2250
2021-04-29 01:56:50.655000,4211.067,4210.399,2250,3140
2021-04-29 01:56:50.706000,4211.064,4210.348,2250,2250
2021-04-29 01:56:50.828000,4211.051,4210.699,460,2250
2021-04-29 01:56:50.878000,4211.367,4210.633,2250,2250
2021-04-29 01:56:51.302000,4211.052,4210.333,2250,3140
2021-04-29 01:56:51.445000,4211.001,4210.339,2250,2250
2021-04-29 01:56:52.070000,4211.069,4210.651,460,2250
2021-04-29 01:56:52.120000,4211.349,4210.648,2250,2250
2021-04-29 01:56:52.253000,4211.064,4210.336,2250,2250
2021-04-29 01:56:55.811000,4210.801,4210.142,2250,3140
2021-04-29 01:56:55.861000,4210.852,4210.148,2250,2250
2021-04-29 01:56:55.973000,4210.851,4210.333,460,2250
2021-04-29 01:56:56.023000,4211.061,4210.348,2250,2250
2021-04-29 01:56:58.735000,4211.06,4210.645,460,2250
2021-04-29 01:56:58.786000,4211.355,4210.654,2250,2250
2021-04-29 01:57:03.567000,4211.348,4210.854,460,2250
2021-04-29 01:57:03.617000,4211.501,4210.836,2250,2250
2021-04-29 01:57:03.728000,4211.301,4210.639,2250,3140
2021-04-29 01:57:03.779000,4211.364,4210.648,2250,2250
2021-04-29 01:57:04.696000,4211.366,4210.899,460,2250
2021-04-29 01:57:04.746000,4211.558,4210.851,2250,2250
2021-04-29 01:57:04.857000,4211.355,4210.636,2250,3140
2021-04-29 01:57:04.907000,4211.361,4210.699,2250,2250
2021-04-29 01:57:09.615000,4211.001,4210.345,2250,3140
2021-04-29 01:57:09.666000,4211.046,4210.399,2250,2250
2021-04-29 01:57:12.554000,4210.801,4210.136,2250,3140
2021-04-29 01:57:12.604000,4210.852,4210.145,2250,2250
2021-04-29 01:57:15.073000,4210.546,4209.899,2250,3140
2021-04-29 01:57:15.123000,4210.546,4209.854,2250,2250
2021-04-29 01:57:27.312000,4210.303,4209.854,460,2250
2021-04-29 01:57:27.363000,4210.367,4209.699,2250,2250
2021-04-29 01:57:32.755000,4210.064,4209.399,2250,3140
2021-04-29 01:57:32.806000,4210.052,4209.342,2250,2250
2021-04-29 01:57:35.503000,4210.054,4209.639,460,2250
2021-04-29 01:57:35.553000,4210.352,4209.699,2250,2250
2021-04-29 01:57:35.989000,4210.258,4209.542,2250,3140
2021-04-29 01:57:36.040000,4210.255,4209.548,2250,2250
2021-04-29 01:57:36.160000,4210.055,4209.333,2250,2250
2021-04-29 01:57:38.809000,4210.069,4209.648,460,2250
2021-04-29 01:57:38.859000,4210.301,4209.636,2250,2250
2021-04-29 01:57:39.550000,4210.064,4209.342,2250,3140
2021-04-29 01:57:39.600000,4210.046,4209.399,2250,2250
2021-04-29 01:57:43.907000,4210.066,4209.533,460,2250
2021-04-29 01:57:43.957000,4210.267,4209.533,2250,2250
2021-04-29 01:57:44.083000,4210.049,4209.336,2250,2250
2021-04-29 01:57:51.224000,4209.864,4209.154,2250,3140
2021-04-29 01:57:51.274000,4209.801,4209.199,2250,2250
2021-04-29 01:57:51.389000,4209.869,4209.348,460,2250
2021-04-29 01:57:51.440000,4210.049,4209.342,2250,2250
2021-04-29 01:57:57.705000,4210.066,4209.651,460,2250
2021-04-29 01:57:57.755000,4210.346,4209.645,2250,2250
2021-04-29 01:57:59.361000,4210.001,4209.354,2250,3140
2021-04-29 01:57:59.411000,4210.001,4209.342,2250,2250
2021-04-29 01:57:59.683000,4210.066,4209.551,460,2250
2021-04-29 01:57:59.733000,4210.201,4209.545,2250,2250
2021-04-29 01:57:59.859000,4210.267,4209.545,2250,3140
2021-04-29 01:57:59.910000,4210.358,4209.654,2250,2250
2021-04-29 01:58:00.689000,4210.058,4209.354,2250,3140
2021-04-29 01:58:00.739000,4210.052,4209.351,2250,2250
2021-04-29 01:58:00.863000,4210.003,4209.648,460,2250
2021-04-29 01:58:00.913000,4210.367,4209.651,2250,2250
2021-04-29 01:58:01.495000,4210.261,4209.533,2250,3140
2021-04-29 01:58:01.546000,4210.264,4209.539,2250,2250
2021-04-29 01:58:02.077000,4210.064,4209.339,2250,3140
2021-04-29 01:58:02.127000,4210.058,4209.354,2250,2250
2021-04-29 01:58:08.299000,4210.063,4209.636,460,2250
2021-04-29 01:58:08.445000,4210.349,4209.699,2250,2250
2021-04-29 01:58:08.496000,4210.064,4209.336,2250,2250
2021-04-29 01:58:14.482000,4209.564,4208.854,2250,3140
2021-04-29 01:58:14.532000,4209.549,4208.854,2250,2250
2021-04-29 01:58:14.642000,4209.566,4209.148,460,2250
2021-04-29 01:58:14.692000,4209.801,4209.136,2250,2250
2021-04-29 01:58:20.459000,4209.746,4209.048,2250,3140
2021-04-29 01:58:20.510000,4209.767,4209.033,2250,2250
2021-04-29 01:58:20.942000,4209.76,4209.199,460,2250
2021-04-29 01:58:20.992000,4209.858,4209.133,2250,2250
2021-04-29 01:58:21.104000,4209.558,4208.836,2250,3140
2021-04-29 01:58:21.154000,4209.567,4208.848,2250,2250
2021-04-29 01:58:31.513000,4209.554,4209.142,460,2250
2021-04-29 01:58:31.563000,4209.867,4209.136,2250,2250
2021-04-29 01:58:35.246000,4209.564,4208.836,2250,2250
2021-04-29 01:58:42.089000,4209.503,4209.148,460,2250
2021-04-29 01:58:42.139000,4209.858,4209.136,2250,2250
2021-04-29 01:59:01.239000,4209.857,4209.351,460,2250
2021-04-29 01:59:01.289000,4210.001,4209.351,2250,2250
2021-04-29 01:59:07.493000,4210.054,4209.645,460,2250
2021-04-29 01:59:07.544000,4210.364,4209.654,2250,2250
2021-04-29 01:59:11.664000,4210.058,4209.339,2250,3140
2021-04-29 01:59:11.714000,4210.049,4209.399,2250,2250
2021-04-29 01:59:21.002000,4209.864,4209.154,2250,3140
2021-04-29 01:59:21.053000,4209.858,4209.154,2250,2250
2021-04-29 01:59:22.598000,4209.863,4209.254,460,2250
2021-04-29 01:59:22.648000,4209.955,4209.248,2250,2250
2021-04-29 01:59:22.979000,4209.858,4209.199,2250,3140
2021-04-29 01:59:23.030000,4209.849,4209.133,2250,2250
2021-04-29 01:59:59.590000,4209.755,4209.039,2250,3140
2021-04-29 01:59:59.640000,4209.752,4209.099,2250,2250
2021-04-29 01:59:59.910000,4209.567,4208.851,2250,2250
2021-04-29 02:00:00.075000,4209.548,4209.033,460,2250
2021-04-29 02:00:00.126000,4209.752,4209.099,2250,2250
2021-04-29 02:00:00.396000,4209.76,4209.148,460,2250
2021-04-29 02:00:00.447000,4209.849,4209.154,2250,2250
2021-04-29 02:00:00.901000,4210.046,4209.345,2250,2250
2021-04-29 02:00:01.364000,4209.801,4209.148,2250,3140
2021-04-29 02:00:01.414000,4209.864,4209.139,2250,2250
2021-04-29 02:00:02.423000,4209.967,4209.236,2250,2250
2021-04-29 02:00:02.590000,4209.866,4209.242,460,2250
2021-04-29 02:00:02.641000,4209.861,4209.199,2250,2250
2021-04-29 02:00:03.221000,4209.857,4209.242,460,2250
2021-04-29 02:00:03.272000,4209.946,4209.254,2250,2250
2021-04-29 02:00:03.544000,4209.852,4209.133,2250,3140
2021-04-29 02:00:03.594000,4209.864,4209.148,2250,2250
2021-04-29 02:00:39.876000,4209.746,4209.039,2250,3140
2021-04-29 02:00:39.930000,4209.746,4209.036,2250,2250
2021-04-29 02:00:40.255000,4209.703,4209.139,460,2250
2021-04-29 02:00:40.305000,4209.801,4209.148,2250,2250
2021-04-29 02:00:52.316000,4209.758,4209.054,2250,3140
2021-04-29 02:00:52.367000,4209.752,4209.054,2250,2250
2021-04-29 02:00:53.498000,4209.549,4208.836,2250,3140
2021-04-29 02:00:53.548000,4209.555,4208.839,2250,2250
2021-04-29 02:00:58.099000,4209.554,4209.042,460,2250
2021-04-29 02:00:58.150000,4209.758,4209.054,2250,2250
2021-04-29 02:00:58.261000,4209.567,4208.851,2250,3140
2021-04-29 02:00:58.311000,4209.552,4208.851,2250,2250
2021-04-29 02:01:05.700000,4209.352,4208.633,2250,3140
2021-04-29 02:01:05.751000,4209.346,4208.699,2250,2250
2021-04-29 02:01:10.562000,4209.067,4208.345,2250,3140
2021-04-29 02:01:10.613000,4209.052,4208.351,2250,2250
2021-04-29 02:01:21.980000,4209.069,4208.633,460,2250
2021-04-29 02:01:22.031000,4209.346,4208.642,2250,2250
2021-04-29 02:01:28.226000,4209.064,4208.351,2250,2250
2021-04-29 02:01:28.966000,4209.069,4208.636,460,2250
2021-04-29 02:01:29.017000,4209.352,4208.699,2250,2250
2021-04-29 02:01:32.516000,4209.555,4208.848,2250,2250
2021-04-29 02:01:40.927000,4209.355,4208.651,2250,3140
2021-04-29 02:01:40.977000,4209.361,4208.645,2250,2250
2021-04-29 02:01:42.749000,4209.549,4208.833,2250,2250
2021-04-29 02:01:45.106000,4209.303,4208.899,460,2250
2021-04-29 02:01:45.157000,4209.355,4208.636,2250,2250
2021-04-29 02:01:46.593000,4209.303,4208.842,460,2250
2021-04-29 02:01:46.643000,4209.558,4208.848,2250,2250
2021-04-29 02:01:47.580000,4209.467,4208.799,2250,3140
2021-04-29 02:01:47.631000,4209.449,4208.748,2250,2250
2021-04-29 02:01:48.235000,4209.457,4208.851,460,2250
2021-04-29 02:01:48.285000,4209.546,4208.851,2250,2250
2021-04-29 02:01:49.070000,4209.455,4208.736,2250,3140
2021-04-29 02:01:49.120000,4209.446,4208.748,2250,2250
2021-04-29 02:01:49.234000,4209.364,4208.699,2250,2250
2021-04-29 02:01:49.740000,4209.354,4208.842,460,2250
2021-04-29 02:01:49.790000,4209.546,4208.848,2250,2250
2021-04-29 02:01:54.052000,4209.349,4208.648,2250,3140
2021-04-29 02:01:54.102000,4209.352,4208.636,2250,2250
2021-04-29 02:02:05.758000,4209.058,4208.333,2250,3140
2021-04-29 02:02:05.808000,4209.052,4208.399,2250,2250
2021-04-29 02:02:07.049000,4209.054,4208.536,460,2250
2021-04-29 02:02:07.099000,4209.258,4208.533,2250,2250
2021-04-29 02:02:07.649000,4209.046,4208.399,2250,3140
2021-04-29 02:02:07.700000,4209.052,4208.345,2250,2250
2021-04-29 02:02:09.993000,4208.852,4208.154,2250,3140
2021-04-29 02:02:10.044000,4208.858,4208.148,2250,2250
2021-04-29 02:02:11.694000,4208.851,4208.354,460,2250
2021-04-29 02:02:11.744000,4209.061,4208.354,2250,2250
2021-04-29 02:02:32.174000,4208.867,4208.151,2250,3140
2021-04-29 02:02:32.224000,4208.849,4208.133,2250,2250
2021-04-29 02:03:16.931000,4208.803,4208.348,460,2250
2021-04-29 02:03:16.982000,4209.055,4208.354,2250,2250
2021-04-29 02:03:28.297000,4208.858,4208.136,2250,3140
2021-04-29 02:03:28.348000,4208.849,4208.133,2250,2250
2021-04-29 02:03:29.341000,4208.848,4208.233,460,2250
2021-04-29 02:03:29.391000,4208.955,4208.236,2250,2250
2021-04-29 02:03:29.932000,4208.957,4208.333,460,2250
2021-04-29 02:03:29.982000,4209.001,4208.342,2250,2250
2021-04-29 02:04:05.332000,4208.861,4208.133,2250,3140
2021-04-29 02:04:05.383000,4208.867,4208.199,2250,2250
2021-04-29 02:04:26.997000,4209.061,4208.339,2250,2250
2021-04-29 02:04:39.871000,4208.864,4208.145,2250,3140
2021-04-29 02:04:39.921000,4208.867,4208.139,2250,2250
2021-04-29 02:05:04.101000,4208.555,4207.848,2250,3140
2021-04-29 02:05:04.152000,4208.858,4208.142,2250,2250
2021-04-29 02:05:09.283000,4208.851,4208.333,460,2250
2021-04-29 02:05:09.333000,4209.067,4208.348,2250,2250
2021-04-29 02:05:11.354000,4208.952,4208.254,2250,3140
2021-04-29 02:05:11.405000,4208.967,4208.245,2250,2250
2021-04-29 02:05:11.779000,4208.954,4208.333,460,2250
2021-04-29 02:05:11.829000,4209.055,4208.336,2250,2250
2021-04-29 02:05:16.765000,4209.051,4208.645,460,2250
2021-04-29 02:05:16.815000,4209.349,4208.642,2250,2250
2021-04-29 02:05:31.743000,4209.357,4208.736,460,2250
2021-04-29 02:05:31.794000,4209.461,4208.799,2250,2250
2021-04-29 02:05:32.066000,4209.364,4208.645,2250,3140
2021-04-29 02:05:32.117000,4209.349,4208.699,2250,2250
2021-04-29 02:05:37.233000,4209.357,4208.833,460,2250
2021-04-29 02:05:37.283000,4209.555,4208.836,2250,2250
2021-04-29 02:05:37.394000,4209.36,4208.836,460,2250
2021-04-29 02:05:37.445000,4209.367,4208.651,2250,2250
2021-04-29 02:05:50.875000,4209.549,4208.842,2250,2250
2021-04-29 02:05:55.965000,4209.557,4209.039,460,2250
2021-04-29 02:05:56.015000,4209.761,4209.045,2250,2250
2021-04-29 02:05:58.315000,4209.769,4209.136,460,2250
2021-04-29 02:05:58.365000,4209.846,4209.142,2250,2250
2021-04-29 02:06:02.428000,4209.501,4208.842,2250,2250
2021-04-29 02:06:02.570000,4209.563,4209.145,460,2250
2021-04-29 02:06:02.620000,4209.861,4209.142,2250,2250
2021-04-29 02:06:03.124000,4209.546,4208.899,2250,3140
2021-04-29 02:06:03.174000,4209.549,4208.848,2250,2250
2021-04-29 02:06:03.292000,4209.566,4209.133,460,2250
2021-04-29 02:06:03.342000,4209.846,4209.151,2250,2250
2021-04-29 02:06:05.514000,4209.764,4209.051,2250,3140
2021-04-29 02:06:05.564000,4209.761,4209.033,2250,2250
2021-04-29 02:06:05.970000,4209.766,4209.145,460,2250
2021-04-29 02:06:06.020000,4209.867,4209.142,2250,2250
2021-04-29 02:06:47.436000,4209.758,4209.033,2250,3140
2021-04-29 02:06:47.486000,4209.752,4209.048,2250,2250
2021-04-29 02:06:47.842000,4209.501,4208.854,2250,3140
2021-04-29 02:06:47.892000,4209.501,4208.842,2250,2250
2021-04-29 02:06:48.165000,4209.566,4209.151,460,2250
2021-04-29 02:06:48.215000,4209.855,4209.199,2250,2250
2021-04-29 02:06:48.641000,4209.764,4209.045,2250,2250
2021-04-29 02:06:50.352000,4209.558,4208.845,2250,3140
2021-04-29 02:06:50.403000,4209.546,4208.899,2250,2250
2021-04-29 02:07:05.810000,4209.446,4208.739,2250,2250
2021-04-29 02:07:06.256000,4209.367,4208.654,2250,3140
2021-04-29 02:07:06.307000,4209.367,4208.636,2250,2250
2021-04-29 02:07:14.447000,4209.058,4208.333,2250,3140
2021-04-29 02:07:14.497000,4209.061,4208.339,2250,2250
2021-04-29 02:07:30.736000,4209.057,4208.645,460,2250
2021-04-29 02:07:30.786000,4209.301,4208.639,2250,2250
2021-04-29 02:08:04.385000,4209.054,4208.633,460,2250
2021-04-29 02:08:04.435000,4209.052,4208.348,2250,2250
2021-04-29 02:08:06.224000,4209.066,4208.651,460,2250
2021-04-29 02:08:06.274000,4209.355,4208.654,2250,2250
2021-04-29 02:08:07.539000,4209.369,4208.842,460,2250
2021-04-29 02:08:07.589000,4209.561,4208.845,2250,2250
2021-04-29 02:08:11.180000,4209.301,4208.639,2250,3140
2021-04-29 02:08:11.230000,4209.301,4208.654,2250,2250
2021-04-29 02:08:59.464000,4209.058,4208.342,2250,3140
2021-04-29 02:08:59.514000,4209.055,4208.339,2250,2250
2021-04-29 02:09:00.754000,4209.063,4208.654,460,2250
2021-04-29 02:09:00.805000,4209.361,4208.645,2250,2250
2021-04-29 02:09:01.022000,4209.269,4208.633,460,2250
2021-04-29 02:09:01.073000,4209.261,4208.545,2250,2250
2021-04-29 02:09:01.293000,4209.067,4208.333,2250,3140
2021-04-29 02:09:01.344000,4209.046,4208.339,2250,2250
2021-04-29 02:09:02.699000,4209.066,4208.648,460,2250
2021-04-29 02:09:02.750000,4209.358,4208.642,2250,2250
2021-04-29 02:09:03.831000,4209.201,4208.545,2250,3140
2021-04-29 02:09:03.882000,4209.246,4208.539,2250,2250
2021-04-29 02:09:04.716000,4209.269,4208.651,460,2250
2021-04-29 02:09:04.766000,4209.364,4208.639,2250,2250
2021-04-29 02:09:13.069000,4209.061,4208.336,2250,2250
2021-04-29 02:09:14.496000,4209.058,4208.339,2250,3140
2021-04-29 02:09:14.546000,4209.364,4208.651,2250,2250
2021-04-29 02:09:19.470000,4209.246,4208.599,2250,3140
2021-04-29 02:09:19.520000,4209.252,4208.533,2250,2250
2021-04-29 02:09:19.792000,4209.266,4208.654,460,2250
2021-04-29 02:09:19.842000,4209.358,4208.648,2250,2250
2021-04-29 02:09:24.723000,4209.061,4208.345,2250,3140
2021-04-29 02:09:24.774000,4209.052,4208.345,2250,2250
2021-04-29 02:09:55.870000,4209.048,4208.645,460,2250
2021-04-29 02:09:55.920000,4209.346,4208.699,2250,2250
2021-04-29 02:10:06.919000,4209.363,4208.854,460,2250
2021-04-29 02:10:06.970000,4209.552,4208.839,2250,2250
2021-04-29 02:10:12.210000,4209.801,4209.136,2250,2250
2021-04-29 02:10:22.039000,4209.555,4208.854,2250,3140
2021-04-29 02:10:22.090000,4209.546,4208.854,2250,2250
2021-04-29 02:10:22.200000,4209.561,4208.833,2250,3140
2021-04-29 02:10:22.250000,4209.846,4209.148,2250,2250
2021-04-29 02:10:22.360000,4209.767,4209.048,2250,3140
2021-04-29 02:10:22.411000,4209.755,4209.054,2250,2250
2021-04-29 02:10:22.523000,4209.501,4208.851,2250,3140
2021-04-29 02:10:22.573000,4209.558,4208.854,2250,2250
2021-04-29 02:10:22.845000,4209.569,4209.154,460,2250
2021-04-29 02:10:22.895000,4209.855,4209.139,2250,2250
2021-04-29 02:10:23.168000,4209.752,4209.036,2250,3140
2021-04-29 02:10:23.218000,4209.767,4209.036,2250,2250
2021-04-29 02:10:24.328000,4209.552,4208.899,2250,3140
2021-04-29 02:10:24.378000,4209.555,4208.848,2250,2250
2021-04-29 02:10:25.512000,4209.551,4209.133,460,2250
2021-04-29 02:10:25.563000,4209.846,4209.199,2250,2250
2021-04-29 02:10:28.491000,4209.701,4209.045,2250,3140
2021-04-29 02:10:28.541000,4209.749,4209.054,2250,2250
2021-04-29 02:10:29.047000,4209.552,4208.836,2250,2250
2021-04-29 02:10:31.029000,4209.858,4209.136,2250,2250
2021-04-29 02:10:58.533000,4209.558,4208.899,2250,3140
2021-04-29 02:10:58.583000,4209.555,4208.836,2250,2250
2021-04-29 02:11:14.633000,4209.446,4208.739,2250,3140
2021-04-29 02:11:14.683000,4209.461,4208.739,2250,2250
2021-04-29 02:11:14.793000,4209.46,4208.845,460,2250
2021-04-29 02:11:14.844000,4209.564,4208.899,2250,2250
2021-04-29 02:12:13.037000,4209.867,4209.145,2250,2250
2021-04-29 02:12:24.250000,4209.558,4208.851,2250,3140
2021-04-29 02:12:24.301000,4209.552,4208.836,2250,2250
2021-04-29 02:12:38.388000,4209.569,4209.136,460,2250
2021-04-29 02:12:38.439000,4209.861,4209.136,2250,2250
2021-04-29 02:12:40.735000,4209.561,4208.839,2250,3140
2021-04-29 02:12:40.786000,4209.549,4208.836,2250,2250
2021-04-29 02:12:43.059000,4209.503,4209.139,460,2250
2021-04-29 02:12:43.110000,4209.861,4209.154,2250,2250
2021-04-29 02:12:43.788000,4209.701,4209.039,2250,3140
2021-04-29 02:12:43.839000,4209.758,4209.051,2250,2250
2021-04-29 02:12:43.940000,4209.801,4209.136,2250,2250
2021-04-29 02:13:31.481000,4209.567,4208.899,2250,3140
2021-04-29 02:13:31.532000,4209.501,4208.833,2250,2250
2021-04-29 02:14:03.820000,4209.56,4209.133,460,2250
2021-04-29 02:14:03.870000,4209.858,4209.148,2250,2250
2021-04-29 02:14:09.072000,4209.567,4208.851,2250,2250
2021-04-29 02:14:10.117000,4209.56,4209.345,460,2250
2021-04-29 02:14:10.167000,4210.0,4209.351,10,2250
2021-04-29 02:14:17.273000,4209.858,4209.199,2250,3140
2021-04-29 02:14:17.324000,4209.846,4209.151,2250,2250
2021-04-29 02:14:29.467000,4209.564,4208.854,2250,3140
2021-04-29 02:14:29.518000,4209.558,4208.854,2250,2250
2021-04-29 02:14:29.626000,4209.563,4209.148,460,2250
2021-04-29 02:14:29.677000,4209.846,4209.142,2250,2250
2021-04-29 02:14:30.269000,4209.764,4209.042,2250,3140
2021-04-29 02:14:30.319000,4209.701,4209.051,2250,2250
2021-04-29 02:14:30.431000,4209.751,4209.139,460,2250
2021-04-29 02:14:30.481000,4209.867,4209.154,2250,2250
2021-04-29 02:14:43.070000,4209.561,4208.848,2250,2250
2021-04-29 02:15:00.234000,4209.855,4209.133,2250,2250
2021-04-29 02:15:00.615000,4209.558,4208.842,2250,3140
2021-04-29 02:15:00.665000,4209.555,4208.842,2250,2250
2021-04-29 02:15:01.419000,4209.557,4209.139,460,2250
2021-04-29 02:15:01.469000,4209.855,4209.133,2250,2250
2021-04-29 02:15:09.154000,4209.561,4208.836,2250,2250
2021-04-29 02:15:12.835000,4209.566,4209.199,460,2250
2021-04-29 02:15:12.885000,4209.801,4209.142,2250,2250
2021-04-29 02:15:23.677000,4209.558,4208.845,2250,2250
2021-04-29 02:15:23.829000,4209.503,4209.045,460,2250
2021-04-29 02:15:23.879000,4209.767,4209.051,2250,2250
2021-04-29 02:15:24.008000,4209.849,4209.148,2250,2250
2021-04-29 02:15:24.338000,4209.752,4209.051,2250,2250
2021-04-29 02:15:24.877000,4209.567,4208.842,2250,3140
2021-04-29 02:15:24.928000,4209.552,4208.848,2250,2250
2021-04-29 02:15:26.980000,4209.849,4209.154,2250,2250
2021-04-29 02:15:29.874000,4209.755,4209.051,2250,3140
2021-04-29 02:15:29.925000,4209.749,4209.045,2250,2250
2021-04-29 02:15:30.035000,4209.567,4208.854,2250,3140
2021-04-29 02:15:30.085000,4209.567,4208.845,2250,2250
