2021-04-22 00:00:11.040000,4162.849,4162.142,2250,4190
2021-04-22 00:00:11.090000,4162.864,4162.142,2250,2250
2021-04-22 00:00:11.207000,4162.803,4162.499,460,2250
2021-04-22 00:00:11.257000,4163.155,4162.454,2250,2250
2021-04-22 00:00:12.966000,4162.869,4162.499,460,2250
2021-04-22 00:00:13.016000,4162.855,4162.199,2250,2250
2021-04-22 00:00:13.760000,4162.869,4162.433,460,2250
2021-04-22 00:00:13.810000,4163.158,4162.448,2250,2250
2021-04-22 00:00:15.801000,4163.151,4162.654,460,2250
2021-04-22 00:00:15.852000,4163.358,4162.645,2250,2250
2021-04-22 00:00:16.768000,4163.346,4162.699,2250,4190
2021-04-22 00:00:16.818000,4163.455,4162.745,2250,2250
2021-04-22 00:00:16.922000,4163.361,4162.642,2250,4190
2021-04-22 00:00:16.972000,4163.367,4162.645,2250,2250
2021-04-22 00:00:17.407000,4163.369,4162.736,460,2250
2021-04-22 00:00:17.457000,4163.449,4162.739,2250,2250
2021-04-22 00:00:17.564000,4163.349,4162.651,2250,4190
2021-04-22 00:00:17.614000,4163.364,4162.642,2250,2250
2021-04-22 00:00:25.564000,4163.152,4162.448,2250,4190
2021-04-22 00:00:25.615000,4163.101,4162.433,2250,2250
2021-04-22 00:00:25.915000,4163.157,4162.551,460,2250
2021-04-22 00:00:25.965000,4163.252,4162.539,2250,2250
2021-04-22 00:00:26.069000,4163.266,4162.654,460,2250
2021-04-22 00:00:26.119000,4163.349,4162.633,2250,2250
2021-04-22 00:00:26.393000,4163.164,4162.433,2250,4190
2021-04-22 00:00:26.443000,4163.152,4162.454,2250,2250
2021-04-22 00:00:44.866000,4162.867,4162.154,2250,4190
2021-04-22 00:00:44.916000,4162.852,4162.139,2250,2250
2021-04-22 00:00:58.008000,4162.648,4162.151,460,2250
2021-04-22 00:00:58.058000,4162.646,4161.942,2250,2250
2021-04-22 00:00:58.821000,4162.654,4162.142,460,2250
2021-04-22 00:00:58.871000,4162.861,4162.139,2250,2250
2021-04-22 00:01:00.777000,4162.663,4162.145,460,2250
2021-04-22 00:01:00.827000,4162.655,4161.951,2250,2250
2021-04-22 00:01:03.044000,4162.364,4161.636,2250,4190
2021-04-22 00:01:03.095000,4162.361,4161.648,2250,2250
2021-04-22 00:01:13.436000,4162.303,4161.945,460,2250
2021-04-22 00:01:13.486000,4162.655,4161.945,2250,2250
2021-04-22 00:01:19.295000,4162.655,4161.954,2250,4190
2021-04-22 00:01:19.346000,4162.846,4162.142,2250,2250
2021-04-22 00:01:35.271000,4162.651,4162.142,460,2250
2021-04-22 00:01:35.322000,4162.601,4161.939,2250,2250
2021-04-22 00:01:37.299000,4162.366,4161.951,460,2250
2021-04-22 00:01:37.349000,4162.301,4161.654,2250,2250
2021-04-22 00:01:37.866000,4162.358,4161.651,2250,4190
2021-04-22 00:01:37.916000,4162.646,4161.939,2250,2250
2021-04-22 00:01:38.727000,4162.36,4161.948,460,2250
2021-04-22 00:01:38.777000,4162.349,4161.633,2250,2250
2021-04-22 00:01:43.072000,4161.863,4161.636,460,2250
2021-04-22 00:01:43.122000,4162.364,4161.648,2250,2250
2021-04-22 00:01:58.171000,4162.354,4161.942,460,2250
2021-04-22 00:01:58.221000,4162.661,4161.936,2250,2250
2021-04-22 00:01:59.808000,4162.358,4161.636,2250,4190
2021-04-22 00:01:59.858000,4162.361,4161.654,2250,2250
2021-04-22 00:02:00.175000,4162.369,4161.954,460,2250
2021-04-22 00:02:00.225000,4162.646,4161.948,2250,2250
2021-04-22 00:02:11.043000,4162.657,4162.139,460,2250
2021-04-22 00:02:11.093000,4162.801,4162.145,2250,2250
2021-04-22 00:02:12.083000,4162.848,4162.499,460,2250
2021-04-22 00:02:12.133000,4163.167,4162.442,2250,2250
2021-04-22 00:02:13.201000,4163.157,4162.645,460,2250
2021-04-22 00:02:13.251000,4163.352,4162.699,2250,2250
2021-04-22 00:02:13.352000,4163.154,4162.636,460,2250
2021-04-22 00:02:13.402000,4163.152,4162.442,2250,2250
2021-04-22 00:02:23.200000,4163.166,4162.633,460,2250
2021-04-22 00:02:23.250000,4163.346,4162.651,2250,2250
2021-04-22 00:02:31.010000,4163.152,4162.448,2250,4190
2021-04-22 00:02:31.061000,4163.158,4162.448,2250,2250
2021-04-22 00:02:35.820000,4162.867,4162.151,2250,4190
2021-04-22 00:02:35.870000,4162.858,4162.139,2250,2250
2021-04-22 00:02:40.339000,4162.854,4162.448,460,2250
2021-04-22 00:02:40.389000,4163.152,4162.439,2250,2250
2021-04-22 00:02:41.178000,4162.957,4162.451,460,2250
2021-04-22 00:02:41.228000,4162.901,4162.242,2250,2250
2021-04-22 00:02:41.333000,4162.863,4162.251,460,2250
2021-04-22 00:02:41.384000,4162.867,4162.139,2250,2250
2021-04-22 00:02:41.495000,4162.848,4162.448,460,2250
2021-04-22 00:02:41.545000,4163.158,4162.451,2250,2250
2021-04-22 00:02:48.303000,4162.86,4162.445,460,2250
2021-04-22 00:02:48.353000,4162.861,4162.199,2250,2250
2021-04-22 00:02:50.768000,4162.663,4162.139,460,2250
2021-04-22 00:02:50.818000,4162.601,4161.948,2250,2250
2021-04-22 00:02:50.921000,4162.661,4161.939,2250,4190
2021-04-22 00:02:50.971000,4162.801,4162.142,2250,2250
2021-04-22 00:02:52.051000,4162.655,4161.942,2250,4190
2021-04-22 00:02:52.101000,4162.649,4161.945,2250,2250
2021-04-22 00:02:54.130000,4162.651,4162.136,460,2250
2021-04-22 00:02:54.180000,4162.861,4162.199,2250,2250
2021-04-22 00:02:54.286000,4162.666,4162.151,460,2250
2021-04-22 00:02:54.337000,4162.649,4161.951,2250,2250
2021-04-22 00:02:59.419000,4162.657,4162.145,460,2250
2021-04-22 00:02:59.470000,4162.849,4162.154,2250,2250
2021-04-22 00:02:59.578000,4162.661,4161.933,2250,4190
2021-04-22 00:02:59.629000,4162.655,4161.999,2250,2250
2021-04-22 00:03:00.175000,4162.669,4162.151,460,2250
2021-04-22 00:03:00.226000,4162.864,4162.145,2250,2250
2021-04-22 00:03:07.729000,4162.658,4161.948,2250,4190
2021-04-22 00:03:07.780000,4162.658,4161.951,2250,2250
2021-04-22 00:03:15.293000,4162.664,4161.936,2250,4190
2021-04-22 00:03:15.344000,4162.864,4162.145,2250,2250
2021-04-22 00:03:15.777000,4162.649,4161.999,2250,2250
2021-04-22 00:03:17.869000,4162.601,4161.945,2250,4190
2021-04-22 00:03:17.919000,4162.701,4162.036,2250,2250
2021-04-22 00:03:18.981000,4162.648,4162.048,460,2250
2021-04-22 00:03:19.032000,4162.667,4161.939,2250,2250
2021-04-22 00:03:20.938000,4162.663,4162.039,460,2250
2021-04-22 00:03:20.988000,4162.767,4162.039,2250,2250
2021-04-22 00:03:21.744000,4162.646,4161.951,2250,4190
2021-04-22 00:03:21.794000,4162.652,4161.948,2250,2250
2021-04-22 00:03:26.760000,4162.649,4161.936,2250,4190
2021-04-22 00:03:26.811000,4162.852,4162.142,2250,2250
2021-04-22 00:03:27.658000,4162.66,4162.145,460,2250
2021-04-22 00:03:27.708000,4162.667,4161.999,2250,2250
2021-04-22 00:03:34.209000,4162.664,4161.951,2250,4190
2021-04-22 00:03:34.260000,4162.852,4162.199,2250,2250
2021-04-22 00:03:46.635000,4162.803,4162.451,460,2250
2021-04-22 00:03:46.690000,4163.101,4162.436,2250,2250
2021-04-22 00:03:51.082000,4162.96,4162.442,460,2250
2021-04-22 00:03:51.132000,4162.946,4162.236,2250,2250
2021-04-22 00:03:51.244000,4162.867,4162.148,2250,4190
2021-04-22 00:03:51.295000,4162.867,4162.151,2250,2250
2021-04-22 00:03:51.773000,4162.86,4162.454,460,2250
2021-04-22 00:03:51.823000,4163.164,4162.433,2250,2250
2021-04-22 00:03:52.807000,4162.952,4162.254,2250,4190
2021-04-22 00:03:52.857000,4162.901,4162.239,2250,2250
2021-04-22 00:03:53.269000,4162.96,4162.445,460,2250
2021-04-22 00:03:53.319000,4163.155,4162.445,2250,2250
2021-04-22 00:03:53.428000,4162.858,4162.148,2250,4190
2021-04-22 00:03:53.479000,4162.846,4162.154,2250,2250
2021-04-22 00:03:53.864000,4162.858,4162.145,2250,4190
2021-04-22 00:03:53.914000,4162.955,4162.245,2250,2250
2021-04-22 00:03:54.071000,4162.867,4162.139,2250,4190
2021-04-22 00:03:54.121000,4162.846,4162.145,2250,2250
2021-04-22 00:03:55.717000,4162.867,4162.139,2250,4190
2021-04-22 00:03:55.767000,4163.101,4162.448,2250,2250
2021-04-22 00:03:56.368000,4162.955,4162.245,2250,4190
2021-04-22 00:03:56.419000,4162.901,4162.242,2250,2250
2021-04-22 00:03:56.527000,4162.964,4162.242,2250,4190
2021-04-22 00:03:56.577000,4163.158,4162.451,2250,2250
2021-04-22 00:03:58.981000,4162.951,4162.499,460,2250
2021-04-22 00:03:59.031000,4162.949,4162.233,2250,2250
2021-04-22 00:03:59.135000,4162.948,4162.436,460,2250
2021-04-22 00:03:59.186000,4163.155,4162.439,2250,2250
2021-04-22 00:04:03.503000,4162.851,4162.439,460,2250
2021-04-22 00:04:03.554000,4162.855,4162.133,2250,2250
2021-04-22 00:04:06.784000,4162.855,4162.199,2250,4190
2021-04-22 00:04:06.834000,4163.158,4162.451,2250,2250
2021-04-22 00:04:06.937000,4162.952,4162.242,2250,4190
2021-04-22 00:04:06.987000,4162.946,4162.239,2250,2250
2021-04-22 00:04:07.570000,4162.96,4162.445,460,2250
2021-04-22 00:04:07.621000,4163.152,4162.499,2250,2250
2021-04-22 00:04:11.149000,4162.951,4162.454,460,2250
2021-04-22 00:04:11.199000,4162.952,4162.236,2250,2250
2021-04-22 00:04:11.518000,4162.852,4162.133,2250,4190
2021-04-22 00:04:11.569000,4162.858,4162.148,2250,2250
2021-04-22 00:04:11.689000,4162.86,4162.242,460,2250
2021-04-22 00:04:11.739000,4162.958,4162.254,2250,2250
2021-04-22 00:04:12.396000,4162.801,4162.142,2250,4190
2021-04-22 00:04:12.447000,4162.858,4162.154,2250,2250
2021-04-22 00:04:27.035000,4162.664,4161.951,2250,4190
2021-04-22 00:04:27.086000,4162.649,4161.933,2250,2250
2021-04-22 00:04:29.981000,4162.301,4161.633,2250,4190
2021-04-22 00:04:30.031000,4162.364,4161.636,2250,2250
2021-04-22 00:04:46.378000,4162.349,4161.636,2250,4190
2021-04-22 00:04:46.428000,4162.658,4161.936,2250,2250
2021-04-22 00:04:47.836000,4162.358,4161.654,2250,4190
2021-04-22 00:04:47.887000,4162.349,4161.654,2250,2250
2021-04-22 00:04:49.042000,4162.367,4161.645,2250,4190
2021-04-22 00:04:49.093000,4162.655,4161.942,2250,2250
2021-04-22 00:04:49.203000,4162.464,4161.733,2250,4190
2021-04-22 00:04:49.253000,4162.461,4161.799,2250,2250
2021-04-22 00:04:49.415000,4162.361,4161.654,2250,4190
2021-04-22 00:04:49.465000,4162.301,4161.639,2250,2250
2021-04-22 00:04:50.055000,4162.348,4161.954,460,2250
2021-04-22 00:04:50.106000,4162.661,4161.999,2250,2250
2021-04-22 00:04:51.564000,4162.36,4161.945,460,2250
2021-04-22 00:04:51.614000,4162.349,4161.651,2250,2250
2021-04-22 00:04:54.517000,4162.363,4161.954,460,2250
2021-04-22 00:04:54.567000,4162.667,4161.948,2250,2250
2021-04-22 00:04:56.187000,4162.352,4161.633,2250,4190
2021-04-22 00:04:56.237000,4162.352,4161.633,2250,2250
2021-04-22 00:04:57.336000,4162.361,4161.648,2250,4190
2021-04-22 00:04:57.386000,4162.658,4161.936,2250,2250
2021-04-22 00:05:02.038000,4162.354,4161.936,460,2250
2021-04-22 00:05:02.088000,4162.355,4161.651,2250,2250
2021-04-22 00:05:04.362000,4162.303,4161.933,460,2250
2021-04-22 00:05:04.412000,4162.655,4161.954,2250,2250
2021-04-22 00:05:09.986000,4162.657,4162.151,460,2250
2021-04-22 00:05:10.037000,4162.852,4162.151,2250,2250
2021-04-22 00:05:15.763000,4162.866,4162.499,460,2250
2021-04-22 00:05:15.813000,4163.146,4162.454,2250,2250
2021-04-22 00:05:15.920000,4162.846,4162.139,2250,4190
2021-04-22 00:05:15.970000,4162.867,4162.145,2250,2250
2021-04-22 00:05:18.668000,4163.161,4162.436,2250,2250
2021-04-22 00:05:19.355000,4162.846,4162.154,2250,4190
2021-04-22 00:05:19.405000,4162.864,4162.136,2250,2250
2021-04-22 00:05:19.510000,4162.857,4162.254,460,2250
2021-04-22 00:05:19.561000,4162.949,4162.233,2250,2250
2021-04-22 00:05:19.671000,4162.951,4162.442,460,2250
2021-04-22 00:05:19.721000,4163.146,4162.439,2250,2250
2021-04-22 00:05:19.831000,4162.964,4162.239,2250,4190
2021-04-22 00:05:19.881000,4162.967,4162.236,2250,2250
2021-04-22 00:05:22.413000,4163.164,4162.439,2250,2250
2021-04-22 00:05:22.737000,4162.958,4162.248,2250,4190
2021-04-22 00:05:22.787000,4162.961,4162.245,2250,2250
2021-04-22 00:05:23.398000,4162.949,4162.248,2250,4190
2021-04-22 00:05:23.448000,4163.158,4162.433,2250,2250
2021-04-22 00:05:23.719000,4162.851,4162.439,460,2250
2021-04-22 00:05:23.769000,4162.852,4162.154,2250,2250
2021-04-22 00:05:26.657000,4162.801,4162.139,2250,4190
2021-04-22 00:05:26.707000,4162.949,4162.254,2250,2250
2021-04-22 00:05:26.804000,4162.852,4162.133,2250,4190
2021-04-22 00:05:26.854000,4162.858,4162.139,2250,2250
2021-04-22 00:05:44.148000,4162.66,4162.142,460,2250
2021-04-22 00:05:44.199000,4162.655,4161.951,2250,2250
2021-04-22 00:05:44.291000,4162.663,4162.148,460,2250
2021-04-22 00:05:44.342000,4162.864,4162.139,2250,2250
2021-04-22 00:05:45.050000,4162.667,4161.939,2250,4190
2021-04-22 00:05:45.101000,4162.661,4161.945,2250,2250
2021-04-22 00:05:46.375000,4162.666,4162.199,460,2250
2021-04-22 00:05:46.425000,4162.849,4162.133,2250,2250
2021-04-22 00:05:47.978000,4162.652,4161.999,2250,4190
2021-04-22 00:05:48.028000,4162.667,4161.999,2250,2250
2021-04-22 00:05:54.424000,4162.303,4161.999,460,2250
2021-04-22 00:05:54.475000,4162.349,4161.699,2250,2250
2021-04-22 00:06:01.381000,4162.152,4161.439,2250,4190
2021-04-22 00:06:01.431000,4162.161,4161.439,2250,2250
2021-04-22 00:06:01.699000,4161.86,4161.448,460,2250
2021-04-22 00:06:01.749000,4161.852,4161.148,2250,2250
2021-04-22 00:06:02.266000,4161.861,4161.148,2250,4190
2021-04-22 00:06:02.317000,4162.101,4161.433,2250,2250
2021-04-22 00:06:02.430000,4161.957,4161.499,460,2250
2021-04-22 00:06:02.480000,4161.967,4161.239,2250,2250
2021-04-22 00:06:02.746000,4161.948,4161.448,460,2250
2021-04-22 00:06:02.797000,4162.167,4161.451,2250,2250
2021-04-22 00:06:02.908000,4161.966,4161.442,460,2250
2021-04-22 00:06:02.958000,4161.967,4161.239,2250,2250
2021-04-22 00:06:03.067000,4161.861,4161.199,2250,4190
2021-04-22 00:06:03.118000,4161.867,4161.199,2250,2250
2021-04-22 00:06:03.902000,4161.848,4161.499,460,2250
2021-04-22 00:06:03.952000,4162.164,4161.448,2250,2250
2021-04-22 00:06:04.068000,4161.848,4161.442,460,2250
2021-04-22 00:06:04.118000,4161.852,4161.148,2250,2250
2021-04-22 00:06:05.033000,4161.848,4161.433,460,2250
2021-04-22 00:06:05.083000,4162.152,4161.433,2250,2250
2021-04-22 00:06:05.182000,4161.849,4161.133,2250,4190
2021-04-22 00:06:05.232000,4161.855,4161.148,2250,2250
2021-04-22 00:06:12.505000,4161.669,4161.148,460,2250
2021-04-22 00:06:12.555000,4161.667,4160.951,2250,2250
2021-04-22 00:06:16.889000,4161.654,4161.439,460,2250
2021-04-22 00:06:16.940000,4162.149,4161.436,2250,2250
2021-04-22 00:06:21.348000,4162.152,4161.499,2250,4190
2021-04-22 00:06:21.398000,4162.358,4161.633,2250,2250
2021-04-22 00:06:22.156000,4162.267,4161.599,2250,4190
2021-04-22 00:06:22.207000,4162.261,4161.536,2250,2250
2021-04-22 00:06:22.596000,4162.267,4161.599,2250,4190
2021-04-22 00:06:22.646000,4162.361,4161.651,2250,2250
2021-04-22 00:06:22.752000,4162.254,4161.633,460,2250
2021-04-22 00:06:22.802000,4162.252,4161.599,2250,2250
2021-04-22 00:06:22.908000,4162.248,4161.633,460,2250
2021-04-22 00:06:22.958000,4162.364,4161.645,2250,2250
2021-04-22 00:06:25.599000,4162.367,4161.651,2250,4190
2021-04-22 00:06:25.649000,4162.649,4161.933,2250,2250
2021-04-22 00:06:34.113000,4162.66,4162.154,460,2250
2021-04-22 00:06:34.164000,4162.861,4162.199,2250,2250
2021-04-22 00:06:35.511000,4162.652,4161.939,2250,4190
2021-04-22 00:06:35.562000,4162.646,4161.942,2250,2250
2021-04-22 00:06:35.662000,4162.654,4162.036,460,2250
2021-04-22 00:06:35.713000,4162.701,4162.048,2250,2250
2021-04-22 00:06:35.824000,4162.661,4161.942,2250,4190
2021-04-22 00:06:35.874000,4162.658,4161.954,2250,2250
2021-04-22 00:06:36.213000,4162.667,4161.933,2250,4190
2021-04-22 00:06:36.263000,4162.861,4162.145,2250,2250
2021-04-22 00:06:36.532000,4162.752,4162.033,2250,4190
2021-04-22 00:06:36.583000,4162.749,4162.039,2250,2250
2021-04-22 00:06:36.854000,4162.651,4162.039,460,2250
2021-04-22 00:06:36.905000,4162.649,4161.951,2250,2250
2021-04-22 00:06:40.243000,4162.654,4162.154,460,2250
2021-04-22 00:06:40.293000,4162.861,4162.139,2250,2250
2021-04-22 00:06:40.404000,4162.664,4161.948,2250,4190
2021-04-22 00:06:40.455000,4162.601,4161.954,2250,2250
2021-04-22 00:06:40.722000,4162.669,4162.145,460,2250
2021-04-22 00:06:40.773000,4162.855,4162.154,2250,2250
2021-04-22 00:06:42.771000,4162.767,4162.039,2250,4190
2021-04-22 00:06:42.822000,4162.764,4162.099,2250,2250
2021-04-22 00:06:42.933000,4162.767,4162.045,2250,4190
2021-04-22 00:06:42.983000,4162.849,4162.142,2250,2250
2021-04-22 00:06:44.832000,4162.754,4162.136,460,2250
2021-04-22 00:06:44.882000,4162.761,4162.039,2250,2250
2021-04-22 00:06:45.083000,4162.661,4161.948,2250,4190
2021-04-22 00:06:45.134000,4162.601,4161.933,2250,2250
2021-04-22 00:07:01.087000,4162.451,4161.942,460,2250
2021-04-22 00:07:01.138000,4162.455,4161.751,2250,2250
2021-04-22 00:07:01.250000,4162.467,4161.745,2250,4190
2021-04-22 00:07:01.301000,4162.658,4161.948,2250,2250
2021-04-22 00:07:05.684000,4162.664,4161.951,2250,4190
2021-04-22 00:07:05.734000,4162.758,4162.051,2250,2250
2021-04-22 00:07:06.460000,4162.649,4161.933,2250,4190
2021-04-22 00:07:06.510000,4162.658,4161.999,2250,2250
2021-04-22 00:07:06.621000,4162.603,4162.154,460,2250
2021-04-22 00:07:06.671000,4162.858,4162.142,2250,2250
2021-04-22 00:07:09.701000,4162.863,4162.439,460,2250
2021-04-22 00:07:09.752000,4163.161,4162.445,2250,2250
2021-04-22 00:07:12.148000,4163.163,4162.951,460,2250
2021-04-22 00:07:12.199000,4163.664,4162.936,2250,2250
2021-04-22 00:07:12.315000,4163.352,4162.648,2250,4190
2021-04-22 00:07:12.365000,4163.352,4162.654,2250,2250
2021-04-22 00:07:16.806000,4163.351,4162.939,460,2250
2021-04-22 00:07:16.856000,4163.658,4162.951,2250,2250
2021-04-22 00:07:26.368000,4163.303,4162.933,460,2250
2021-04-22 00:07:26.418000,4163.349,4162.654,2250,2250
2021-04-22 00:07:27.780000,4163.36,4162.954,460,2250
2021-04-22 00:07:27.830000,4163.601,4162.939,2250,2250
2021-04-22 00:07:31.437000,4163.303,4162.948,460,2250
2021-04-22 00:07:31.487000,4163.355,4162.648,2250,2250
2021-04-22 00:07:31.785000,4163.366,4162.939,460,2250
2021-04-22 00:07:31.836000,4163.652,4162.945,2250,2250
2021-04-22 00:07:35.588000,4163.354,4162.945,460,2250
2021-04-22 00:07:35.638000,4163.301,4162.642,2250,2250
2021-04-22 00:07:49.267000,4163.166,4162.642,460,2250
2021-04-22 00:07:49.317000,4163.101,4162.442,2250,2250
2021-04-22 00:07:54.789000,4162.951,4162.499,460,2250
2021-04-22 00:07:54.839000,4162.955,4162.236,2250,2250
2021-04-22 00:07:54.943000,4162.864,4162.154,2250,4190
2021-04-22 00:07:54.994000,4162.801,4162.199,2250,2250
2021-04-22 00:08:03.516000,4162.703,4162.154,460,2250
2021-04-22 00:08:03.566000,4162.767,4162.099,2250,2250
2021-04-22 00:08:03.975000,4162.661,4161.939,2250,4190
2021-04-22 00:08:04.025000,4162.649,4161.945,2250,2250
2021-04-22 00:08:09.955000,4162.664,4161.936,2250,4190
2021-04-22 00:08:10.005000,4162.758,4162.042,2250,2250
2021-04-22 00:08:10.103000,4162.669,4162.045,460,2250
2021-04-22 00:08:10.153000,4162.649,4161.999,2250,2250
2021-04-22 00:08:16.515000,4162.469,4161.951,460,2250
2021-04-22 00:08:16.565000,4162.458,4161.799,2250,2250
2021-04-22 00:08:16.682000,4162.448,4161.999,460,2250
2021-04-22 00:08:16.732000,4162.652,4161.954,2250,2250
2021-04-22 00:08:28.741000,4162.349,4161.699,2250,4190
2021-04-22 00:08:28.791000,4162.361,4161.633,2250,2250
2021-04-22 00:08:31.052000,4162.164,4161.499,2250,4190
2021-04-22 00:08:31.102000,4162.161,4161.442,2250,2250
2021-04-22 00:08:37.354000,4161.858,4161.133,2250,4190
2021-04-22 00:08:37.404000,4161.855,4161.133,2250,2250
2021-04-22 00:08:41.169000,4161.86,4161.233,460,2250
2021-04-22 00:08:41.219000,4161.946,4161.254,2250,2250
2021-04-22 00:08:42.261000,4161.96,4161.433,460,2250
2021-04-22 00:08:42.312000,4162.149,4161.448,2250,2250
2021-04-22 00:08:50.513000,4162.148,4161.633,460,2250
2021-04-22 00:08:50.564000,4162.358,4161.651,2250,2250
2021-04-22 00:08:51.047000,4162.161,4161.433,2250,4190
2021-04-22 00:08:51.097000,4162.164,4161.442,2250,2250
2021-04-22 00:08:52.336000,4162.154,4161.633,460,2250
2021-04-22 00:08:52.386000,4162.361,4161.654,2250,2250
2021-04-22 00:08:52.840000,4162.152,4161.442,2250,4190
2021-04-22 00:08:52.891000,4162.152,4161.433,2250,2250
2021-04-22 00:08:56.213000,4162.16,4161.654,460,2250
2021-04-22 00:08:56.263000,4162.361,4161.642,2250,2250
2021-04-22 00:08:56.375000,4162.26,4161.636,460,2250
2021-04-22 00:08:56.425000,4162.255,4161.539,2250,2250
2021-04-22 00:08:57.384000,4162.152,4161.499,2250,4190
2021-04-22 00:08:57.434000,4162.146,4161.499,2250,2250
2021-04-22 00:08:58.026000,4162.157,4161.642,460,2250
2021-04-22 00:08:58.076000,4162.358,4161.651,2250,2250
2021-04-22 00:08:58.531000,4162.167,4161.454,2250,4190
2021-04-22 00:08:58.582000,4162.167,4161.439,2250,2250
2021-04-22 00:08:59.200000,4162.163,4161.651,460,2250
2021-04-22 00:08:59.250000,4162.367,4161.651,2250,2250
2021-04-22 00:09:00.678000,4162.103,4161.642,460,2250
2021-04-22 00:09:00.728000,4162.164,4161.448,2250,2250
2021-04-22 00:09:04.478000,4162.155,4161.436,2250,4190
2021-04-22 00:09:04.528000,4162.364,4161.651,2250,2250
2021-04-22 00:09:10.714000,4162.264,4161.599,2250,4190
2021-04-22 00:09:10.764000,4162.258,4161.536,2250,2250
2021-04-22 00:09:11.290000,4162.251,4161.639,460,2250
2021-04-22 00:09:11.341000,4162.358,4161.699,2250,2250
2021-04-22 00:09:11.900000,4162.164,4161.499,2250,4190
2021-04-22 00:09:11.951000,4162.161,4161.439,2250,2250
2021-04-22 00:09:14.036000,4162.155,4161.436,2250,4190
2021-04-22 00:09:14.086000,4162.261,4161.599,2250,2250
2021-04-22 00:09:14.345000,4162.101,4161.442,2250,4190
2021-04-22 00:09:14.395000,4162.149,4161.442,2250,2250
2021-04-22 00:09:17.198000,4162.169,4161.636,460,2250
2021-04-22 00:09:17.248000,4162.352,4161.642,2250,2250
2021-04-22 00:09:17.366000,4162.255,4161.545,2250,2250
2021-04-22 00:09:17.585000,4162.161,4161.454,2250,4190
2021-04-22 00:09:17.636000,4162.155,4161.445,2250,2250
2021-04-22 00:09:17.750000,4162.255,4161.548,2250,2250
2021-04-22 00:09:18.048000,4162.269,4161.648,460,2250
2021-04-22 00:09:18.099000,4162.361,4161.633,2250,2250
2021-04-22 00:09:19.024000,4162.16,4161.642,460,2250
2021-04-22 00:09:19.075000,4162.155,4161.499,2250,2250
2021-04-22 00:09:26.672000,4162.16,4161.699,460,2250
2021-04-22 00:09:26.722000,4162.361,4161.651,2250,2250
2021-04-22 00:09:33.274000,4162.248,4161.651,460,2250
2021-04-22 00:09:33.324000,4162.258,4161.539,2250,2250
2021-04-22 00:09:33.580000,4162.26,4161.651,460,2250
2021-04-22 00:09:33.630000,4162.358,4161.645,2250,2250
2021-04-22 00:09:35.073000,4162.155,4161.451,2250,4190
2021-04-22 00:09:35.123000,4162.149,4161.442,2250,2250
2021-04-22 00:09:39.364000,4162.148,4161.651,460,2250
2021-04-22 00:09:39.414000,4162.301,4161.633,2250,2250
2021-04-22 00:09:59.567000,4162.361,4161.648,2250,4190
2021-04-22 00:09:59.617000,4162.667,4161.936,2250,2250
2021-04-22 00:10:06.399000,4162.358,4161.654,2250,4190
2021-04-22 00:10:06.449000,4162.352,4161.645,2250,2250
2021-04-22 00:10:06.564000,4162.361,4161.639,2250,4190
2021-04-22 00:10:06.614000,4162.652,4161.948,2250,2250
2021-04-22 00:10:07.065000,4162.466,4161.945,460,2250
2021-04-22 00:10:07.115000,4162.401,4161.733,2250,2250
2021-04-22 00:10:07.390000,4162.448,4161.999,460,2250
2021-04-22 00:10:07.440000,4162.649,4161.945,2250,2250
2021-04-22 00:10:24.925000,4162.363,4161.939,460,2250
2021-04-22 00:10:24.976000,4162.358,4161.642,2250,2250
2021-04-22 00:10:25.083000,4162.366,4161.948,460,2250
2021-04-22 00:10:25.133000,4162.649,4161.954,2250,2250
2021-04-22 00:10:25.486000,4162.401,4161.751,2250,4190
2021-04-22 00:10:25.536000,4162.401,4161.736,2250,2250
2021-04-22 00:10:25.641000,4162.363,4161.742,460,2250
2021-04-22 00:10:25.692000,4162.346,4161.645,2250,2250
2021-04-22 00:10:25.964000,4162.354,4161.948,460,2250
2021-04-22 00:10:26.014000,4162.661,4161.951,2250,2250
2021-04-22 00:10:26.125000,4162.448,4161.948,460,2250
2021-04-22 00:10:26.176000,4162.452,4161.751,2250,2250
2021-04-22 00:10:26.452000,4162.351,4161.751,460,2250
2021-04-22 00:10:26.502000,4162.358,4161.699,2250,2250
2021-04-22 00:10:32.720000,4162.301,4161.642,2250,4190
2021-04-22 00:10:32.770000,4162.661,4161.939,2250,2250
2021-04-22 00:10:33.316000,4162.467,4161.754,2250,4190
2021-04-22 00:10:33.366000,4162.446,4161.739,2250,2250
2021-04-22 00:10:33.475000,4162.364,4161.642,2250,4190
2021-04-22 00:10:33.526000,4162.349,4161.699,2250,2250
2021-04-22 00:10:37.260000,4162.348,4161.754,460,2250
2021-04-22 00:10:37.310000,4162.464,4161.745,2250,2250
2021-04-22 00:10:37.402000,4162.457,4161.936,460,2250
2021-04-22 00:10:37.453000,4162.646,4161.945,2250,2250
2021-04-22 00:10:41.448000,4162.355,4161.636,2250,4190
2021-04-22 00:10:41.498000,4162.355,4161.651,2250,2250
2021-04-22 00:10:41.606000,4162.301,4161.699,2250,4190
2021-04-22 00:10:41.657000,4162.655,4161.945,2250,2250
2021-04-22 00:10:45.291000,4162.348,4161.933,460,2250
2021-04-22 00:10:45.341000,4162.346,4161.636,2250,2250
2021-04-22 00:10:49.206000,4162.364,4161.642,2250,4190
2021-04-22 00:10:49.257000,4162.652,4161.936,2250,2250
2021-04-22 00:10:49.530000,4162.451,4161.933,460,2250
2021-04-22 00:10:49.580000,4162.449,4161.799,2250,2250
2021-04-22 00:10:49.686000,4162.352,4161.642,2250,4190
2021-04-22 00:10:49.736000,4162.301,4161.639,2250,2250
2021-04-22 00:10:49.848000,4162.355,4161.636,2250,4190
2021-04-22 00:10:49.898000,4162.449,4161.754,2250,2250
2021-04-22 00:10:50.010000,4162.401,4161.733,2250,4190
2021-04-22 00:10:50.060000,4162.664,4161.936,2250,2250
2021-04-22 00:10:51.146000,4162.461,4161.742,2250,4190
2021-04-22 00:10:51.196000,4162.464,4161.754,2250,2250
2021-04-22 00:10:51.306000,4162.469,4161.942,460,2250
2021-04-22 00:10:51.356000,4162.649,4161.933,2250,2250
2021-04-22 00:10:56.540000,4162.467,4161.736,2250,4190
2021-04-22 00:10:56.590000,4162.455,4161.799,2250,2250
2021-04-22 00:10:58.693000,4162.351,4161.736,460,2250
2021-04-22 00:10:58.743000,4162.364,4161.648,2250,2250
2021-04-22 00:10:58.849000,4162.358,4161.633,2250,4190
2021-04-22 00:10:58.899000,4162.446,4161.736,2250,2250
2021-04-22 00:10:59.295000,4162.301,4161.633,2250,4190
2021-04-22 00:10:59.346000,4162.346,4161.699,2250,2250
2021-04-22 00:10:59.812000,4162.363,4161.939,460,2250
2021-04-22 00:10:59.863000,4162.661,4161.933,2250,2250
2021-04-22 00:11:01.401000,4162.354,4161.948,460,2250
2021-04-22 00:11:01.451000,4162.367,4161.633,2250,2250
2021-04-22 00:11:02.708000,4162.351,4161.936,460,2250
2021-04-22 00:11:02.759000,4162.646,4161.933,2250,2250
2021-04-22 00:11:03.030000,4162.455,4161.742,2250,4190
2021-04-22 00:11:03.080000,4162.461,4161.745,2250,2250
2021-04-22 00:11:03.191000,4162.451,4161.954,460,2250
2021-04-22 00:11:03.242000,4162.658,4161.942,2250,2250
2021-04-22 00:11:13.887000,4162.451,4161.945,460,2250
2021-04-22 00:11:13.937000,4162.449,4161.742,2250,2250
2021-04-22 00:11:14.048000,4162.469,4161.999,460,2250
2021-04-22 00:11:14.098000,4162.646,4161.951,2250,2250
2021-04-22 00:11:15.281000,4162.464,4161.736,2250,4190
2021-04-22 00:11:15.332000,4162.464,4161.733,2250,2250
2021-04-22 00:11:15.441000,4162.466,4161.945,460,2250
2021-04-22 00:11:15.492000,4162.658,4161.939,2250,2250
2021-04-22 00:11:16.066000,4162.301,4161.642,2250,4190
2021-04-22 00:11:16.117000,4162.355,4161.636,2250,2250
2021-04-22 00:11:18.029000,4162.355,4161.633,2250,4190
2021-04-22 00:11:18.079000,4162.458,4161.733,2250,2250
2021-04-22 00:11:18.349000,4162.457,4161.936,460,2250
2021-04-22 00:11:18.400000,4162.652,4161.954,2250,2250
2021-04-22 00:11:21.221000,4162.464,4161.742,2250,4190
2021-04-22 00:11:21.271000,4162.464,4161.799,2250,2250
2021-04-22 00:11:21.382000,4162.463,4161.939,460,2250
2021-04-22 00:11:21.432000,4162.601,4161.951,2250,2250
2021-04-22 00:11:38.681000,4162.601,4161.939,2250,4190
2021-04-22 00:11:38.731000,4162.801,4162.148,2250,2250
2021-04-22 00:11:41.214000,4162.752,4162.039,2250,4190
2021-04-22 00:11:41.264000,4162.749,4162.036,2250,2250
2021-04-22 00:11:41.369000,4162.761,4162.048,2250,4190
2021-04-22 00:11:41.419000,4162.858,4162.151,2250,2250
2021-04-22 00:11:41.538000,4162.664,4161.948,2250,2250
2021-04-22 00:11:42.170000,4162.649,4161.951,2250,4190
2021-04-22 00:11:42.220000,4162.752,4162.099,2250,2250
2021-04-22 00:11:42.811000,4162.603,4162.036,460,2250
2021-04-22 00:11:42.862000,4162.649,4161.951,2250,2250
2021-04-22 00:11:56.626000,4162.351,4161.936,460,2250
2021-04-22 00:11:56.677000,4162.355,4161.636,2250,2250
2021-04-22 00:12:13.938000,4162.352,4161.648,2250,4190
2021-04-22 00:12:13.988000,4162.649,4161.945,2250,2250
2021-04-22 00:12:16.705000,4162.352,4161.699,2250,4190
2021-04-22 00:12:16.755000,4162.367,4161.699,2250,2250
2021-04-22 00:12:16.865000,4162.348,4161.748,460,2250
2021-04-22 00:12:16.916000,4162.452,4161.736,2250,2250
2021-04-22 00:12:17.143000,4162.36,4161.736,460,2250
2021-04-22 00:12:17.194000,4162.364,4161.642,2250,2250
2021-04-22 00:12:17.801000,4162.36,4161.733,460,2250
2021-04-22 00:12:17.851000,4162.446,4161.799,2250,2250
2021-04-22 00:12:18.390000,4162.357,4161.748,460,2250
2021-04-22 00:12:18.440000,4162.367,4161.642,2250,2250
2021-04-22 00:12:19.116000,4162.369,4161.939,460,2250
2021-04-22 00:12:19.166000,4162.667,4161.936,2250,2250
2021-04-22 00:12:28.631000,4162.367,4161.642,2250,4190
2021-04-22 00:12:28.681000,4162.361,4161.639,2250,2250
2021-04-22 00:12:29.009000,4162.355,4161.645,2250,4190
2021-04-22 00:12:29.059000,4162.655,4161.939,2250,2250
2021-04-22 00:12:29.166000,4162.469,4161.951,460,2250
2021-04-22 00:12:29.216000,4162.461,4161.799,2250,2250
2021-04-22 00:12:29.459000,4162.346,4161.648,2250,4190
2021-04-22 00:12:29.509000,4162.301,4161.648,2250,2250
2021-04-22 00:12:44.452000,4162.351,4161.951,460,2250
2021-04-22 00:12:44.502000,4162.658,4161.999,2250,2250
2021-04-22 00:12:46.781000,4162.467,4161.742,2250,4190
2021-04-22 00:12:46.831000,4162.449,4161.742,2250,2250
2021-04-22 00:12:46.944000,4162.455,4161.799,2250,4190
2021-04-22 00:12:46.995000,4162.661,4161.936,2250,2250
2021-04-22 00:12:47.103000,4162.448,4161.999,460,2250
2021-04-22 00:12:47.153000,4162.461,4161.739,2250,2250
2021-04-22 00:12:47.263000,4162.403,4161.933,460,2250
2021-04-22 00:12:47.313000,4162.655,4161.933,2250,2250
2021-04-22 00:12:48.615000,4162.352,4161.639,2250,4190
2021-04-22 00:12:48.665000,4162.361,4161.639,2250,2250
2021-04-22 00:13:02.949000,4162.164,4161.436,2250,4190
2021-04-22 00:13:02.999000,4162.164,4161.433,2250,2250
2021-04-22 00:13:07.030000,4162.152,4161.436,2250,4190
2021-04-22 00:13:07.080000,4162.261,4161.551,2250,2250
2021-04-22 00:13:08.264000,4162.269,4161.654,460,2250
2021-04-22 00:13:08.315000,4162.352,4161.699,2250,2250
2021-04-22 00:13:27.603000,4162.249,4161.599,2250,2250
2021-04-22 00:13:28.571000,4162.261,4161.599,2250,4190
2021-04-22 00:13:28.648000,4162.352,4161.633,2250,2250
2021-04-22 00:13:43.686000,4162.363,4161.751,460,2250
2021-04-22 00:13:43.736000,4162.455,4161.799,2250,2250
2021-04-22 00:13:45.481000,4162.458,4161.736,2250,4190
2021-04-22 00:13:45.531000,4162.646,4161.951,2250,2250
2021-04-22 00:14:03.750000,4162.663,4162.136,460,2250
2021-04-22 00:14:03.800000,4162.849,4162.154,2250,2250
2021-04-22 00:14:08.509000,4162.854,4162.433,460,2250
2021-04-22 00:14:08.559000,4163.161,4162.499,2250,2250
2021-04-22 00:14:17.481000,4162.849,4162.139,2250,4190
2021-04-22 00:14:17.532000,4162.861,4162.154,2250,2250
2021-04-22 00:14:17.646000,4162.858,4162.145,2250,4190
2021-04-22 00:14:17.696000,4163.101,4162.451,2250,2250
2021-04-22 00:14:36.622000,4162.848,4162.499,460,2250
2021-04-22 00:14:36.673000,4162.864,4162.154,2250,2250
2021-04-22 00:14:37.240000,4162.854,4162.239,460,2250
2021-04-22 00:14:37.290000,4162.946,4162.245,2250,2250
2021-04-22 00:14:37.405000,4162.855,4162.139,2250,4190
2021-04-22 00:14:37.455000,4162.801,4162.142,2250,2250
2021-04-22 00:14:37.564000,4162.854,4162.254,460,2250
2021-04-22 00:14:37.614000,4162.949,4162.242,2250,2250
2021-04-22 00:14:38.516000,4162.854,4162.245,460,2250
2021-04-22 00:14:38.567000,4162.861,4162.148,2250,2250
2021-04-22 00:14:58.895000,4162.655,4161.999,2250,4190
2021-04-22 00:14:58.946000,4162.658,4161.948,2250,2250
2021-04-22 00:15:01.034000,4162.648,4162.154,460,2250
2021-04-22 00:15:01.084000,4162.864,4162.145,2250,2250
2021-04-22 00:15:01.516000,4162.655,4161.945,2250,2250
2021-04-22 00:15:01.675000,4162.66,4162.099,460,2250
2021-04-22 00:15:01.726000,4162.701,4162.039,2250,2250
2021-04-22 00:15:02.064000,4162.701,4162.051,2250,4190
2021-04-22 00:15:02.114000,4162.849,4162.148,2250,2250
2021-04-22 00:15:02.223000,4162.755,4162.099,2250,4190
2021-04-22 00:15:02.273000,4162.701,4162.042,2250,2250
2021-04-22 00:15:02.544000,4162.754,4162.136,460,2250
2021-04-22 00:15:02.594000,4162.858,4162.145,2250,2250
2021-04-22 00:15:09.674000,4162.855,4162.142,2250,4190
2021-04-22 00:15:09.725000,4163.158,4162.433,2250,2250
2021-04-22 00:15:11.148000,4162.961,4162.245,2250,4190
2021-04-22 00:15:11.198000,4162.964,4162.236,2250,2250
2021-04-22 00:15:11.603000,4162.96,4162.445,460,2250
2021-04-22 00:15:11.657000,4163.161,4162.442,2250,2250
2021-04-22 00:15:23.878000,4162.946,4162.242,2250,4190
2021-04-22 00:15:23.928000,4162.964,4162.239,2250,2250
2021-04-22 00:15:24.609000,4162.867,4162.139,2250,4190
2021-04-22 00:15:24.659000,4162.846,4162.142,2250,2250
2021-04-22 00:15:36.186000,4162.867,4162.136,2250,4190
2021-04-22 00:15:36.236000,4163.146,4162.451,2250,2250
2021-04-22 00:15:36.497000,4162.864,4162.154,2250,4190
2021-04-22 00:15:36.547000,4162.849,4162.136,2250,2250
2021-04-22 00:15:37.970000,4162.854,4162.454,460,2250
2021-04-22 00:15:38.021000,4163.155,4162.433,2250,2250
2021-04-22 00:15:50.733000,4162.846,4162.148,2250,4190
2021-04-22 00:15:50.783000,4162.855,4162.133,2250,2250
2021-04-22 00:15:53.834000,4162.664,4161.942,2250,4190
2021-04-22 00:15:53.884000,4162.661,4161.936,2250,2250
2021-04-22 00:15:55.567000,4162.666,4162.145,460,2250
2021-04-22 00:15:55.617000,4162.864,4162.136,2250,2250
2021-04-22 00:15:57.303000,4162.701,4162.048,2250,4190
2021-04-22 00:15:57.354000,4162.752,4162.039,2250,2250
2021-04-22 00:15:57.462000,4162.646,4161.951,2250,4190
2021-04-22 00:15:57.512000,4162.658,4161.954,2250,2250
2021-04-22 00:16:01.466000,4162.355,4161.633,2250,4190
2021-04-22 00:16:01.516000,4162.349,4161.648,2250,2250
2021-04-22 00:16:06.829000,4162.357,4161.999,460,2250
2021-04-22 00:16:06.880000,4162.661,4161.948,2250,2250
2021-04-22 00:16:15.617000,4162.648,4162.145,460,2250
2021-04-22 00:16:15.667000,4162.852,4162.154,2250,2250
2021-04-22 00:16:40.225000,4162.646,4161.936,2250,4190
2021-04-22 00:16:40.275000,4162.664,4161.951,2250,2250
2021-04-22 00:16:40.382000,4162.666,4162.036,460,2250
2021-04-22 00:16:40.432000,4162.701,4162.054,2250,2250
2021-04-22 00:16:40.548000,4162.752,4162.048,2250,4190
2021-04-22 00:16:40.598000,4162.801,4162.142,2250,2250
2021-04-22 00:16:41.822000,4162.761,4162.042,2250,4190
2021-04-22 00:16:41.872000,4162.767,4162.051,2250,2250
2021-04-22 00:16:41.984000,4162.703,4162.139,460,2250
2021-04-22 00:16:42.034000,4162.864,4162.151,2250,2250
2021-04-22 00:16:42.982000,4162.752,4162.099,2250,4190
2021-04-22 00:16:43.032000,4162.764,4162.054,2250,2250
2021-04-22 00:16:43.142000,4162.763,4162.145,460,2250
2021-04-22 00:16:43.192000,4162.852,4162.145,2250,2250
2021-04-22 00:16:44.798000,4162.764,4162.042,2250,4190
2021-04-22 00:16:44.848000,4162.701,4162.042,2250,2250
2021-04-22 00:16:45.415000,4162.652,4161.933,2250,4190
2021-04-22 00:16:45.466000,4162.664,4161.954,2250,2250
2021-04-22 00:16:45.575000,4162.654,4162.048,460,2250
2021-04-22 00:16:45.626000,4162.755,4162.054,2250,2250
2021-04-22 00:16:45.804000,4162.667,4161.933,2250,4190
2021-04-22 00:16:45.854000,4162.658,4161.939,2250,2250
2021-04-22 00:16:47.520000,4162.667,4161.942,2250,4190
2021-04-22 00:16:47.570000,4162.852,4162.154,2250,2250
2021-04-22 00:16:57.979000,4162.803,4162.442,460,2250
2021-04-22 00:16:58.029000,4163.161,4162.439,2250,2250
2021-04-22 00:16:58.268000,4162.867,4162.142,2250,4190
2021-04-22 00:16:58.318000,4162.858,4162.136,2250,2250
2021-04-22 00:16:59.255000,4162.851,4162.245,460,2250
2021-04-22 00:16:59.305000,4162.967,4162.239,2250,2250
2021-04-22 00:16:59.575000,4162.846,4162.136,2250,4190
2021-04-22 00:16:59.626000,4162.867,4162.133,2250,2250
2021-04-22 00:17:15.194000,4162.861,4162.151,2250,4190
2021-04-22 00:17:15.244000,4163.158,4162.499,2250,2250
2021-04-22 00:17:48.488000,4162.857,4162.433,460,2250
2021-04-22 00:17:48.538000,4162.861,4162.133,2250,2250
2021-04-22 00:17:52.028000,4162.86,4162.448,460,2250
2021-04-22 00:17:52.078000,4163.164,4162.499,2250,2250
2021-04-22 00:17:54.816000,4162.855,4162.199,2250,4190
2021-04-22 00:17:54.867000,4162.861,4162.154,2250,2250
2021-04-22 00:17:55.186000,4162.848,4162.299,460,2250
2021-04-22 00:17:55.236000,4162.958,4162.242,2250,2250
2021-04-22 00:17:55.347000,4162.858,4162.139,2250,4190
2021-04-22 00:17:55.397000,4162.849,4162.142,2250,2250
2021-04-22 00:18:07.455000,4162.767,4162.045,2250,4190
2021-04-22 00:18:07.506000,4162.758,4162.099,2250,2250
2021-04-22 00:18:08.524000,4162.658,4161.999,2250,4190
2021-04-22 00:18:08.575000,4162.646,4161.945,2250,2250
2021-04-22 00:18:10.399000,4162.355,4161.639,2250,4190
2021-04-22 00:18:10.449000,4162.352,4161.654,2250,2250
2021-04-22 00:18:24.340000,4162.301,4161.633,2250,4190
2021-04-22 00:18:24.390000,4162.667,4161.939,2250,2250
2021-04-22 00:19:17.816000,4162.651,4162.033,460,2250
2021-04-22 00:19:17.866000,4162.761,4162.042,2250,2250
2021-04-22 00:19:18.283000,4162.661,4161.948,2250,4190
2021-04-22 00:19:18.333000,4162.667,4161.933,2250,2250
2021-04-22 00:20:00.725000,4162.358,4161.645,2250,4190
2021-04-22 00:20:00.776000,4162.358,4161.648,2250,2250
2021-04-22 00:20:03.580000,4162.363,4161.939,460,2250
2021-04-22 00:20:03.631000,4162.646,4161.933,2250,2250
2021-04-22 00:20:03.903000,4162.348,4161.945,460,2250
2021-04-22 00:20:03.954000,4162.352,4161.645,2250,2250
2021-04-22 00:20:04.061000,4162.357,4161.939,460,2250
2021-04-22 00:20:04.111000,4162.601,4161.945,2250,2250
2021-04-22 00:20:43.780000,4162.346,4161.633,2250,4190
2021-04-22 00:20:43.830000,4162.361,4161.654,2250,2250
2021-04-22 00:20:43.923000,4162.351,4161.942,460,2250
2021-04-22 00:20:43.973000,4162.652,4161.954,2250,2250
2021-04-22 00:21:10.992000,4162.667,4161.999,2250,4190
2021-04-22 00:21:11.042000,4162.855,4162.199,2250,2250
2021-04-22 00:21:11.149000,4162.748,4162.133,460,2250
2021-04-22 00:21:11.200000,4162.755,4162.099,2250,2250
2021-04-22 00:21:11.414000,4162.766,4162.148,460,2250
2021-04-22 00:21:11.464000,4162.801,4162.139,2250,2250
2021-04-22 00:21:11.855000,4162.755,4162.099,2250,4190
2021-04-22 00:21:11.906000,4162.755,4162.045,2250,2250
2021-04-22 00:21:12.010000,4162.66,4162.039,460,2250
2021-04-22 00:21:12.061000,4162.655,4161.951,2250,2250
2021-04-22 00:21:13.295000,4162.655,4161.936,2250,4190
2021-04-22 00:21:13.345000,4162.852,4162.139,2250,2250
2021-04-22 00:21:16.923000,4162.851,4162.499,460,2250
2021-04-22 00:21:16.973000,4163.152,4162.499,2250,2250
2021-04-22 00:21:23.424000,4163.166,4162.933,460,2250
2021-04-22 00:21:23.475000,4163.661,4162.945,2250,2250
2021-04-22 00:21:23.580000,4163.361,4162.636,2250,4190
2021-04-22 00:21:23.631000,4163.358,4162.648,2250,2250
2021-04-22 00:21:23.742000,4163.355,4162.651,2250,4190
2021-04-22 00:21:23.792000,4163.646,4162.936,2250,2250
2021-04-22 00:21:24.459000,4163.355,4162.642,2250,4190
2021-04-22 00:21:24.509000,4163.349,4162.642,2250,2250
2021-04-22 00:21:25.104000,4163.303,4162.951,460,2250
2021-04-22 00:21:25.154000,4163.658,4162.948,2250,2250
2021-04-22 00:21:33.062000,4163.346,4162.651,2250,4190
2021-04-22 00:21:33.112000,4163.361,4162.699,2250,2250
2021-04-22 00:21:33.542000,4163.357,4162.736,460,2250
2021-04-22 00:21:33.593000,4163.452,4162.754,2250,2250
2021-04-22 00:21:34.086000,4163.463,4162.948,460,2250
2021-04-22 00:21:34.136000,4163.649,4162.939,2250,2250
2021-04-22 00:21:35.171000,4163.36,4162.954,460,2250
2021-04-22 00:21:35.221000,4163.364,4162.651,2250,2250
2021-04-22 00:21:37.676000,4163.366,4162.942,460,2250
2021-04-22 00:21:37.726000,4163.652,4162.945,2250,2250
2021-04-22 00:21:41.658000,4163.349,4162.639,2250,4190
2021-04-22 00:21:41.709000,4163.349,4162.648,2250,2250
2021-04-22 00:21:47.676000,4163.152,4162.436,2250,4190
2021-04-22 00:21:47.727000,4163.158,4162.442,2250,2250
2021-04-22 00:21:49.189000,4163.157,4162.651,460,2250
2021-04-22 00:21:49.240000,4163.355,4162.645,2250,2250
2021-04-22 00:21:56.999000,4163.264,4162.542,2250,4190
2021-04-22 00:21:57.050000,4163.258,4162.554,2250,2250
2021-04-22 00:21:57.160000,4163.257,4162.636,460,2250
2021-04-22 00:21:57.210000,4163.367,4162.648,2250,2250
2021-04-22 00:21:57.652000,4163.258,4162.542,2250,4190
2021-04-22 00:21:57.702000,4163.249,4162.539,2250,2250
2021-04-22 00:21:58.007000,4163.254,4162.699,460,2250
2021-04-22 00:21:58.057000,4163.358,4162.645,2250,2250
2021-04-22 00:22:06.183000,4163.354,4162.742,460,2250
2021-04-22 00:22:06.233000,4163.452,4162.799,2250,2250
2021-04-22 00:22:06.350000,4163.355,4162.633,2250,4190
2021-04-22 00:22:06.401000,4163.301,4162.645,2250,2250
2021-04-22 00:22:07.519000,4163.36,4162.799,460,2250
2021-04-22 00:22:07.569000,4163.464,4162.754,2250,2250
2021-04-22 00:22:07.677000,4163.367,4162.636,2250,4190
2021-04-22 00:22:07.727000,4163.349,4162.633,2250,2250
2021-04-22 00:22:17.738000,4163.346,4162.699,2250,4190
2021-04-22 00:22:17.789000,4163.649,4162.936,2250,2250
2021-04-22 00:22:18.648000,4163.464,4162.742,2250,4190
2021-04-22 00:22:18.699000,4163.452,4162.733,2250,2250
2021-04-22 00:22:18.809000,4163.352,4162.636,2250,4190
2021-04-22 00:22:18.859000,4163.358,4162.639,2250,2250
2021-04-22 00:22:24.184000,4163.146,4162.439,2250,4190
2021-04-22 00:22:24.234000,4163.146,4162.442,2250,2250
2021-04-22 00:22:37.319000,4163.148,4162.651,460,2250
2021-04-22 00:22:37.369000,4163.352,4162.642,2250,2250
2021-04-22 00:22:49.819000,4163.348,4162.999,460,2250
2021-04-22 00:22:49.869000,4163.601,4162.999,2250,2250
2021-04-22 00:23:19.044000,4163.658,4162.999,2250,4190
2021-04-22 00:23:19.094000,4163.864,4163.148,2250,2250
2021-04-22 00:23:51.711000,4163.601,4162.999,2250,4190
2021-04-22 00:23:51.772000,4163.649,4162.939,2250,2250
2021-04-22 00:24:16.255000,4163.358,4162.651,2250,4190
2021-04-22 00:24:16.305000,4163.364,4162.648,2250,2250
2021-04-22 00:24:23.456000,4163.351,4162.999,460,2250
2021-04-22 00:24:23.506000,4163.655,4162.951,2250,2250
2021-04-22 00:24:42.278000,4163.666,4163.133,460,2250
2021-04-22 00:24:42.328000,4163.852,4163.145,2250,2250
2021-04-22 00:25:38.951000,4163.667,4162.933,2250,4190
2021-04-22 00:25:39.002000,4163.661,4162.999,2250,2250
2021-04-22 00:25:48.777000,4163.651,4163.199,460,2250
2021-04-22 00:25:48.827000,4163.801,4163.154,2250,2250
2021-04-22 00:25:49.699000,4163.646,4162.948,2250,4190
2021-04-22 00:25:49.749000,4163.661,4162.933,2250,2250
2021-04-22 00:25:49.855000,4163.657,4163.133,460,2250
2021-04-22 00:25:49.905000,4163.801,4163.133,2250,2250
2021-04-22 00:25:53.128000,4163.664,4162.933,2250,4190
2021-04-22 00:25:53.178000,4163.646,4162.933,2250,2250
2021-04-22 00:26:00.601000,4163.652,4162.948,2250,4190
2021-04-22 00:26:00.651000,4163.801,4163.139,2250,2250
2021-04-22 00:26:03.026000,4163.601,4162.948,2250,4190
2021-04-22 00:26:03.076000,4163.661,4162.945,2250,2250
2021-04-22 00:26:03.182000,4163.66,4163.051,460,2250
2021-04-22 00:26:03.232000,4163.764,4163.042,2250,2250
2021-04-22 00:26:04.604000,4163.703,4163.136,460,2250
2021-04-22 00:26:04.654000,4163.867,4163.133,2250,2250
2021-04-22 00:26:12.370000,4163.652,4162.999,2250,4190
2021-04-22 00:26:12.421000,4163.655,4162.999,2250,2250
2021-04-22 00:26:54.102000,4163.346,4162.633,2250,4190
2021-04-22 00:26:54.152000,4163.349,4162.651,2250,2250
2021-04-22 00:27:10.216000,4163.364,4162.651,2250,4190
2021-04-22 00:27:10.266000,4163.446,4162.733,2250,2250
2021-04-22 00:27:10.663000,4163.451,4162.945,460,2250
2021-04-22 00:27:10.713000,4163.655,4162.945,2250,2250
2021-04-22 00:27:10.823000,4163.301,4162.651,2250,4190
2021-04-22 00:27:10.873000,4163.367,4162.654,2250,2250
2021-04-22 00:27:16.095000,4163.361,4162.651,2250,4190
2021-04-22 00:27:16.145000,4163.649,4162.951,2250,2250
2021-04-22 00:27:36.973000,4163.667,4162.942,2250,4190
2021-04-22 00:27:37.023000,4163.849,4163.154,2250,2250
2021-04-22 00:27:37.311000,4163.652,4162.954,2250,4190
2021-04-22 00:27:37.361000,4163.658,4162.942,2250,2250
2021-04-22 00:27:43.281000,4163.355,4162.639,2250,2250
2021-04-22 00:27:44.070000,4163.36,4162.945,460,2250
2021-04-22 00:27:44.120000,4163.649,4162.954,2250,2250
2021-04-22 00:27:45.260000,4163.366,4162.951,460,2250
2021-04-22 00:27:45.310000,4163.358,4162.642,2250,2250
2021-04-22 00:27:46.061000,4163.369,4162.954,460,2250
2021-04-22 00:27:46.111000,4163.655,4162.954,2250,2250
2021-04-22 00:28:04.725000,4163.301,4162.639,2250,4190
2021-04-22 00:28:04.775000,4163.352,4162.648,2250,2250
2021-04-22 00:28:04.882000,4163.363,4162.799,460,2250
2021-04-22 00:28:04.932000,4163.446,4162.751,2250,2250
2021-04-22 00:28:05.042000,4163.463,4162.936,460,2250
2021-04-22 00:28:05.092000,4163.661,4162.951,2250,2250
2021-04-22 00:28:06.323000,4163.467,4162.742,2250,4190
2021-04-22 00:28:06.373000,4163.452,4162.748,2250,2250
2021-04-22 00:28:06.484000,4163.457,4162.939,460,2250
2021-04-22 00:28:06.534000,4163.601,4162.948,2250,2250
2021-04-22 00:28:15.506000,4163.357,4162.939,460,2250
2021-04-22 00:28:15.556000,4163.358,4162.654,2250,2250
2021-04-22 00:28:34.338000,4163.357,4162.799,460,2250
2021-04-22 00:28:34.389000,4163.446,4162.751,2250,2250
2021-04-22 00:28:34.499000,4163.346,4162.654,2250,4190
2021-04-22 00:28:34.549000,4163.301,4162.648,2250,2250
2021-04-22 00:28:35.600000,4163.361,4162.633,2250,4190
2021-04-22 00:28:35.651000,4163.664,4162.945,2250,2250
2021-04-22 00:28:35.961000,4163.449,4162.742,2250,4190
2021-04-22 00:28:36.011000,4163.458,4162.751,2250,2250
2021-04-22 00:28:36.121000,4163.463,4162.939,460,2250
2021-04-22 00:28:36.171000,4163.667,4162.939,2250,2250
2021-04-22 00:28:36.533000,4163.464,4162.739,2250,4190
2021-04-22 00:28:36.584000,4163.458,4162.733,2250,2250
2021-04-22 00:28:36.904000,4163.463,4162.939,460,2250
2021-04-22 00:28:36.955000,4163.652,4162.939,2250,2250
2021-04-22 00:28:47.578000,4163.351,4162.936,460,2250
2021-04-22 00:28:47.628000,4163.355,4162.648,2250,2250
2021-04-22 00:28:48.120000,4163.364,4162.645,2250,4190
2021-04-22 00:28:48.170000,4163.661,4162.948,2250,2250
2021-04-22 00:28:57.175000,4163.455,4162.742,2250,4190
2021-04-22 00:28:57.226000,4163.464,4162.745,2250,2250
2021-04-22 00:28:58.050000,4163.452,4162.799,2250,4190
2021-04-22 00:28:58.101000,4163.655,4162.942,2250,2250
2021-04-22 00:29:00.178000,4163.351,4162.954,460,2250
2021-04-22 00:29:00.229000,4163.355,4162.654,2250,2250
2021-04-22 00:29:00.499000,4163.36,4162.936,460,2250
2021-04-22 00:29:00.549000,4163.664,4162.939,2250,2250
2021-04-22 00:29:00.823000,4163.358,4162.654,2250,4190
2021-04-22 00:29:00.873000,4163.355,4162.636,2250,2250
2021-04-22 00:29:02.743000,4163.303,4162.739,460,2250
2021-04-22 00:29:02.794000,4163.461,4162.799,2250,2250
2021-04-22 00:29:02.903000,4163.449,4162.748,2250,4190
2021-04-22 00:29:02.953000,4163.658,4162.999,2250,2250
2021-04-22 00:29:29.254000,4163.358,4162.651,2250,4190
2021-04-22 00:29:29.305000,4163.367,4162.636,2250,2250
2021-04-22 00:29:35.965000,4163.354,4162.951,460,2250
2021-04-22 00:29:36.015000,4163.649,4162.942,2250,2250
2021-04-22 00:29:36.846000,4163.464,4162.799,2250,4190
2021-04-22 00:29:36.896000,4163.449,4162.754,2250,2250
2021-04-22 00:29:37.750000,4163.448,4162.954,460,2250
2021-04-22 00:29:37.800000,4163.646,4162.999,2250,2250
2021-04-22 00:29:39.787000,4163.349,4162.639,2250,4190
2021-04-22 00:29:39.837000,4163.367,4162.633,2250,2250
2021-04-22 00:29:47.752000,4163.354,4162.736,460,2250
2021-04-22 00:29:47.802000,4163.455,4162.751,2250,2250
2021-04-22 00:29:47.912000,4163.349,4162.699,2250,4190
2021-04-22 00:29:47.963000,4163.349,4162.648,2250,2250
2021-04-22 00:30:00.878000,4163.369,4162.948,460,2250
2021-04-22 00:30:00.929000,4163.649,4162.999,2250,2250
2021-04-22 00:30:03.949000,4163.666,4163.099,460,2250
2021-04-22 00:30:04.000000,4163.758,4163.099,2250,2250
2021-04-22 00:30:04.929000,4163.769,4163.199,460,2250
2021-04-22 00:30:04.988000,4163.849,4163.151,2250,2250
2021-04-22 00:30:54.188000,4163.854,4163.433,460,2250
2021-04-22 00:30:54.238000,4164.167,4163.499,2250,2250
2021-04-22 00:31:06.386000,4163.851,4163.445,460,2250
2021-04-22 00:31:06.436000,4163.852,4163.145,2250,2250
2021-04-22 00:31:06.561000,4163.801,4163.136,2250,4190
2021-04-22 00:31:06.612000,4164.146,4163.454,2250,2250
2021-04-22 00:32:12.239000,4163.864,4163.151,2250,4190
2021-04-22 00:32:12.290000,4163.846,4163.148,2250,2250
2021-04-22 00:33:18.547000,4163.651,4163.151,460,2250
2021-04-22 00:33:18.598000,4163.667,4162.954,2250,2250
2021-04-22 00:34:23.328000,4163.355,4162.648,2250,4190
2021-04-22 00:34:23.379000,4163.349,4162.654,2250,2250
2021-04-22 00:34:55.330000,4163.161,4162.445,2250,4190
2021-04-22 00:34:55.380000,4163.155,4162.433,2250,2250
2021-04-22 00:35:05.116000,4163.167,4162.451,2250,4190
2021-04-22 00:35:05.167000,4163.361,4162.636,2250,2250
2021-04-22 00:35:13.641000,4163.357,4162.999,460,2250
2021-04-22 00:35:13.691000,4163.649,4162.999,2250,2250
2021-04-22 00:35:44.893000,4163.346,4162.651,2250,4190
2021-04-22 00:35:44.944000,4163.367,4162.636,2250,2250
2021-04-22 00:36:05.354000,4163.363,4162.999,460,2250
2021-04-22 00:36:05.404000,4163.649,4162.939,2250,2250
2021-04-22 00:36:06.887000,4163.364,4162.651,2250,4190
2021-04-22 00:36:06.938000,4163.352,4162.642,2250,2250
2021-04-22 00:36:07.367000,4163.36,4162.933,460,2250
2021-04-22 00:36:07.417000,4163.655,4162.942,2250,2250
2021-04-22 00:36:11.228000,4163.352,4162.651,2250,4190
2021-04-22 00:36:11.278000,4163.358,4162.642,2250,2250
2021-04-22 00:36:12.553000,4163.369,4162.751,460,2250
2021-04-22 00:36:12.604000,4163.455,4162.799,2250,2250
2021-04-22 00:36:13.288000,4163.349,4162.633,2250,4190
2021-04-22 00:36:13.339000,4163.352,4162.699,2250,2250
2021-04-22 00:36:18.874000,4163.354,4162.939,460,2250
2021-04-22 00:36:18.924000,4163.667,4162.933,2250,2250
2021-04-22 00:36:19.265000,4163.452,4162.739,2250,4190
2021-04-22 00:36:19.316000,4163.467,4162.736,2250,2250
2021-04-22 00:36:19.427000,4163.358,4162.645,2250,4190
2021-04-22 00:36:19.477000,4163.361,4162.645,2250,2250
2021-04-22 00:36:20.442000,4163.369,4162.948,460,2250
2021-04-22 00:36:20.492000,4163.652,4162.933,2250,2250
2021-04-22 00:36:40.346000,4163.603,4163.136,460,2250
2021-04-22 00:36:40.396000,4163.846,4163.199,2250,2250
2021-04-22 00:36:42.336000,4163.648,4163.154,460,2250
2021-04-22 00:36:42.387000,4163.667,4162.942,2250,2250
2021-04-22 00:36:54.777000,4163.66,4163.142,460,2250
2021-04-22 00:36:54.827000,4163.867,4163.154,2250,2250
2021-04-22 00:36:57.212000,4163.658,4162.951,2250,4190
2021-04-22 00:36:57.262000,4163.658,4162.939,2250,2250
2021-04-22 00:37:08.042000,4163.651,4163.142,460,2250
2021-04-22 00:37:08.093000,4163.864,4163.133,2250,2250
2021-04-22 00:37:28.016000,4163.649,4162.948,2250,4190
2021-04-22 00:37:28.067000,4163.661,4162.999,2250,2250
2021-04-22 00:37:31.769000,4163.603,4163.199,460,2250
2021-04-22 00:37:31.819000,4163.852,4163.199,2250,2250
2021-04-22 00:37:33.787000,4163.854,4163.433,460,2250
2021-04-22 00:37:33.837000,4164.161,4163.439,2250,2250
2021-04-22 00:37:42.241000,4163.867,4163.154,2250,4190
2021-04-22 00:37:42.292000,4163.861,4163.148,2250,2250
2021-04-22 00:37:50.398000,4163.652,4162.933,2250,4190
2021-04-22 00:37:50.449000,4163.652,4162.936,2250,2250
2021-04-22 00:38:00.489000,4163.458,4162.745,2250,4190
2021-04-22 00:38:00.539000,4163.446,4162.739,2250,2250
2021-04-22 00:38:00.649000,4163.466,4162.939,460,2250
2021-04-22 00:38:00.700000,4163.655,4162.933,2250,2250
2021-04-22 00:38:08.424000,4163.364,4162.654,2250,4190
2021-04-22 00:38:08.474000,4163.355,4162.645,2250,2250
2021-04-22 00:38:09.397000,4163.366,4162.999,460,2250
2021-04-22 00:38:09.447000,4163.646,4162.951,2250,2250
2021-04-22 00:38:10.663000,4163.461,4162.751,2250,4190
2021-04-22 00:38:10.713000,4163.449,4162.742,2250,2250
2021-04-22 00:38:10.990000,4163.448,4162.999,460,2250
2021-04-22 00:38:11.040000,4163.649,4162.954,2250,2250
2021-04-22 00:38:15.621000,4163.364,4162.636,2250,4190
2021-04-22 00:38:15.672000,4163.349,4162.636,2250,2250
2021-04-22 00:38:18.571000,4163.357,4162.999,460,2250
2021-04-22 00:38:18.621000,4163.667,4162.945,2250,2250
2021-04-22 00:38:19.051000,4163.352,4162.636,2250,4190
2021-04-22 00:38:19.102000,4163.346,4162.699,2250,2250
2021-04-22 00:38:20.730000,4163.352,4162.648,2250,4190
2021-04-22 00:38:20.780000,4163.667,4162.948,2250,2250
2021-04-22 00:38:33.918000,4163.301,4162.639,2250,4190
2021-04-22 00:38:33.969000,4163.355,4162.654,2250,2250
2021-04-22 00:38:37.463000,4163.249,4162.548,2250,4190
2021-04-22 00:38:37.513000,4163.258,4162.599,2250,2250
2021-04-22 00:38:38.980000,4163.146,4162.445,2250,4190
2021-04-22 00:38:39.030000,4163.101,4162.451,2250,2250
2021-04-22 00:38:42.438000,4163.157,4162.533,460,2250
2021-04-22 00:38:42.488000,4163.246,4162.551,2250,2250
2021-04-22 00:38:43.120000,4163.163,4162.542,460,2250
2021-04-22 00:38:43.170000,4163.146,4162.499,2250,2250
2021-04-22 00:38:46.972000,4163.163,4162.639,460,2250
2021-04-22 00:38:47.022000,4163.361,4162.654,2250,2250
2021-04-22 00:38:47.333000,4163.152,4162.448,2250,4190
2021-04-22 00:38:47.384000,4163.158,4162.436,2250,2250
2021-04-22 00:38:49.174000,4163.255,4162.554,2250,2250
2021-04-22 00:38:49.330000,4163.161,4162.439,2250,4190
2021-04-22 00:38:49.380000,4163.155,4162.448,2250,2250
2021-04-22 00:38:51.019000,4163.166,4162.533,460,2250
2021-04-22 00:38:51.069000,4163.267,4162.533,2250,2250
2021-04-22 00:38:51.339000,4163.269,4162.645,460,2250
2021-04-22 00:38:51.390000,4163.361,4162.642,2250,2250
2021-04-22 00:38:57.540000,4163.201,4162.545,2250,4190
2021-04-22 00:38:57.591000,4163.201,4162.548,2250,2250
2021-04-22 00:38:57.700000,4163.101,4162.433,2250,4190
2021-04-22 00:38:57.751000,4163.101,4162.445,2250,2250
2021-04-22 00:38:58.313000,4163.163,4162.542,460,2250
2021-04-22 00:38:58.363000,4163.258,4162.599,2250,2250
2021-04-22 00:38:58.589000,4163.101,4162.442,2250,4190
2021-04-22 00:38:58.639000,4163.167,4162.439,2250,2250
2021-04-22 00:39:00.576000,4163.166,4162.542,460,2250
2021-04-22 00:39:00.626000,4163.246,4162.554,2250,2250
2021-04-22 00:39:01.335000,4163.367,4162.654,2250,2250
2021-04-22 00:39:08.639000,4163.303,4162.936,460,2250
2021-04-22 00:39:08.689000,4163.667,4162.999,2250,2250
2021-04-22 00:39:33.775000,4163.355,4162.654,2250,4190
2021-04-22 00:39:33.826000,4163.364,4162.633,2250,2250
2021-04-22 00:39:38.461000,4163.246,4162.539,2250,4190
2021-04-22 00:39:38.512000,4163.255,4162.545,2250,2250
2021-04-22 00:39:38.622000,4163.266,4162.654,460,2250
2021-04-22 00:39:38.672000,4163.352,4162.642,2250,2250
2021-04-22 00:39:39.021000,4163.258,4162.551,2250,4190
2021-04-22 00:39:39.071000,4163.201,4162.539,2250,2250
2021-04-22 00:39:39.788000,4163.251,4162.654,460,2250
2021-04-22 00:39:39.839000,4163.352,4162.645,2250,2250
2021-04-22 00:39:44.178000,4163.201,4162.539,2250,4190
2021-04-22 00:39:44.228000,4163.267,4162.599,2250,2250
2021-04-22 00:39:44.338000,4163.152,4162.436,2250,4190
2021-04-22 00:39:44.388000,4163.161,4162.433,2250,2250
2021-04-22 00:39:45.153000,4163.169,4162.551,460,2250
2021-04-22 00:39:45.203000,4163.201,4162.548,2250,2250
2021-04-22 00:39:46.585000,4163.257,4162.648,460,2250
2021-04-22 00:39:46.635000,4163.349,4162.651,2250,2250
2021-04-22 00:39:46.914000,4163.261,4162.536,2250,4190
2021-04-22 00:39:46.965000,4163.252,4162.545,2250,2250
2021-04-22 00:39:47.075000,4163.101,4162.433,2250,4190
2021-04-22 00:39:47.125000,4163.152,4162.499,2250,2250
2021-04-22 00:39:47.264000,4163.163,4162.551,460,2250
2021-04-22 00:39:47.314000,4163.261,4162.551,2250,2250
2021-04-22 00:39:47.584000,4163.101,4162.454,2250,4190
2021-04-22 00:39:47.634000,4163.101,4162.433,2250,2250
2021-04-22 00:39:57.633000,4163.148,4162.642,460,2250
2021-04-22 00:39:57.684000,4163.349,4162.636,2250,2250
2021-04-22 00:40:34.825000,4163.351,4162.742,460,2250
2021-04-22 00:40:34.875000,4163.452,4162.754,2250,2250
2021-04-22 00:40:36.095000,4163.352,4162.651,2250,4190
2021-04-22 00:40:36.145000,4163.358,4162.636,2250,2250
2021-04-22 00:40:36.481000,4163.357,4162.939,460,2250
2021-04-22 00:40:36.532000,4163.652,4162.936,2250,2250
2021-04-22 00:40:38.615000,4163.349,4162.648,2250,4190
2021-04-22 00:40:38.665000,4163.301,4162.699,2250,2250
2021-04-22 00:40:53.890000,4163.158,4162.448,2250,4190
2021-04-22 00:40:53.940000,4163.167,4162.499,2250,2250
2021-04-22 00:40:54.591000,4163.148,4162.599,460,2250
2021-04-22 00:40:54.641000,4163.252,4162.599,2250,2250
2021-04-22 00:40:55.094000,4163.251,4162.651,460,2250
2021-04-22 00:40:55.144000,4163.364,4162.645,2250,2250
2021-04-22 00:41:01.001000,4163.155,4162.433,2250,4190
2021-04-22 00:41:01.052000,4163.149,4162.499,2250,2250
2021-04-22 00:41:01.163000,4163.151,4162.542,460,2250
2021-04-22 00:41:01.213000,4163.249,4162.599,2250,2250
2021-04-22 00:41:01.483000,4163.266,4162.651,460,2250
2021-04-22 00:41:01.533000,4163.367,4162.639,2250,2250
2021-04-22 00:41:01.986000,4163.161,4162.445,2250,4190
2021-04-22 00:41:02.037000,4163.167,4162.442,2250,2250
2021-04-22 00:41:04.146000,4163.166,4162.539,460,2250
2021-04-22 00:41:04.197000,4163.264,4162.551,2250,2250
2021-04-22 00:41:04.540000,4163.146,4162.442,2250,4190
2021-04-22 00:41:04.591000,4163.149,4162.448,2250,2250
2021-04-22 00:41:09.310000,4163.151,4162.699,460,2250
2021-04-22 00:41:09.360000,4163.364,4162.639,2250,2250
2021-04-22 00:41:15.929000,4163.255,4162.542,2250,4190
2021-04-22 00:41:15.979000,4163.249,4162.548,2250,2250
2021-04-22 00:41:16.086000,4163.101,4162.454,2250,4190
2021-04-22 00:41:16.136000,4163.161,4162.451,2250,2250
2021-04-22 00:41:17.481000,4163.16,4162.548,460,2250
2021-04-22 00:41:17.531000,4163.201,4162.536,2250,2250
2021-04-22 00:41:18.516000,4163.263,4162.639,460,2250
2021-04-22 00:41:18.567000,4163.355,4162.654,2250,2250
2021-04-22 00:42:17.779000,4163.152,4162.451,2250,4190
2021-04-22 00:42:17.830000,4163.167,4162.436,2250,2250
2021-04-22 00:42:18.503000,4163.169,4162.548,460,2250
2021-04-22 00:42:18.553000,4163.267,4162.554,2250,2250
2021-04-22 00:42:18.725000,4163.146,4162.436,2250,4190
2021-04-22 00:42:18.775000,4163.101,4162.436,2250,2250
2021-04-22 00:42:24.401000,4163.154,4162.639,460,2250
2021-04-22 00:42:24.451000,4163.358,4162.633,2250,2250
2021-04-22 00:42:32.599000,4163.261,4162.545,2250,4190
2021-04-22 00:42:32.650000,4163.246,4162.536,2250,2250
2021-04-22 00:42:33.707000,4163.167,4162.451,2250,4190
2021-04-22 00:42:33.757000,4163.161,4162.451,2250,2250
2021-04-22 00:42:34.026000,4163.16,4162.645,460,2250
2021-04-22 00:42:34.076000,4163.352,4162.639,2250,2250
2021-04-22 00:42:34.732000,4163.161,4162.436,2250,4190
2021-04-22 00:42:34.783000,4163.164,4162.439,2250,2250
2021-04-22 00:42:35.170000,4163.154,4162.536,460,2250
2021-04-22 00:42:35.220000,4163.264,4162.545,2250,2250
2021-04-22 00:42:35.862000,4163.269,4162.639,460,2250
2021-04-22 00:42:35.912000,4163.301,4162.636,2250,2250
2021-04-22 00:42:36.020000,4163.167,4162.448,2250,4190
2021-04-22 00:42:36.071000,4163.155,4162.442,2250,2250
2021-04-22 00:42:45.935000,4163.103,4162.536,460,2250
2021-04-22 00:42:45.986000,4163.246,4162.548,2250,2250
2021-04-22 00:42:46.141000,4163.269,4162.651,460,2250
2021-04-22 00:42:46.191000,4163.367,4162.645,2250,2250
2021-04-22 00:45:15.218000,4163.158,4162.445,2250,4190
2021-04-22 00:45:15.268000,4163.161,4162.451,2250,2250
2021-04-22 00:45:17.316000,4163.157,4162.639,460,2250
2021-04-22 00:45:17.366000,4163.352,4162.645,2250,2250
2021-04-22 00:45:24.951000,4163.363,4162.936,460,2250
2021-04-22 00:45:25.001000,4163.652,4162.951,2250,2250
2021-04-22 00:45:40.189000,4163.361,4162.654,2250,4190
2021-04-22 00:45:40.240000,4163.355,4162.651,2250,2250
2021-04-22 00:45:40.350000,4163.348,4162.754,460,2250
2021-04-22 00:45:40.401000,4163.452,4162.739,2250,2250
2021-04-22 00:45:40.704000,4163.364,4162.633,2250,4190
2021-04-22 00:45:40.754000,4163.346,4162.639,2250,2250
2021-04-22 00:46:22.446000,4163.355,4162.648,2250,4190
2021-04-22 00:46:22.497000,4163.661,4162.954,2250,2250
2021-04-22 00:47:04.340000,4163.663,4163.148,460,2250
2021-04-22 00:47:04.390000,4163.801,4163.139,2250,2250
2021-04-22 00:47:18.319000,4163.955,4163.239,2250,2250
2021-04-22 00:47:18.478000,4163.951,4163.439,460,2250
2021-04-22 00:47:18.528000,4164.164,4163.439,2250,2250
2021-04-22 00:47:23.653000,4164.157,4163.933,460,2250
2021-04-22 00:47:23.703000,4164.655,4163.936,2250,2250
2021-04-22 00:47:37.543000,4164.349,4163.639,2250,4190
2021-04-22 00:47:37.593000,4164.361,4163.648,2250,2250
2021-04-22 00:47:40.893000,4164.303,4163.951,460,2250
2021-04-22 00:47:40.943000,4164.661,4163.945,2250,2250
2021-04-22 00:47:41.373000,4164.355,4163.648,2250,4190
2021-04-22 00:47:41.423000,4164.346,4163.633,2250,2250
2021-04-22 00:47:49.810000,4164.154,4163.639,460,2250
2021-04-22 00:47:49.860000,4164.158,4163.499,2250,2250
2021-04-22 00:47:49.970000,4164.152,4163.445,2250,4190
2021-04-22 00:47:50.021000,4164.367,4163.654,2250,2250
2021-04-22 00:47:50.131000,4164.161,4163.433,2250,4190
2021-04-22 00:47:50.182000,4164.146,4163.442,2250,2250
2021-04-22 00:47:55.705000,4164.154,4163.651,460,2250
2021-04-22 00:47:55.756000,4164.346,4163.651,2250,2250
2021-04-22 00:47:58.792000,4164.164,4163.451,2250,4190
2021-04-22 00:47:58.843000,4164.164,4163.448,2250,2250
2021-04-22 00:48:00.842000,4164.103,4163.654,460,2250
2021-04-22 00:48:00.892000,4164.352,4163.645,2250,2250
2021-04-22 00:48:04.379000,4164.354,4163.951,460,2250
2021-04-22 00:48:04.430000,4164.667,4163.945,2250,2250
2021-04-22 00:48:25.330000,4164.301,4163.633,2250,4190
2021-04-22 00:48:25.381000,4164.346,4163.699,2250,2250
2021-04-22 00:48:35.130000,4164.152,4163.454,2250,4190
2021-04-22 00:48:35.181000,4164.158,4163.436,2250,2250
2021-04-22 00:48:37.252000,4164.166,4163.636,460,2250
2021-04-22 00:48:37.302000,4164.367,4163.642,2250,2250
2021-04-22 00:49:08.434000,4164.348,4163.939,460,2250
2021-04-22 00:49:08.485000,4164.664,4163.948,2250,2250
2021-04-22 00:49:10.344000,4164.367,4163.651,2250,4190
2021-04-22 00:49:10.394000,4164.352,4163.636,2250,2250
2021-04-22 00:49:10.503000,4164.366,4163.733,460,2250
2021-04-22 00:49:10.553000,4164.446,4163.748,2250,2250
2021-04-22 00:49:10.664000,4164.448,4163.999,460,2250
2021-04-22 00:49:10.714000,4164.661,4163.999,2250,2250
2021-04-22 00:49:10.824000,4164.449,4163.748,2250,4190
2021-04-22 00:49:10.874000,4164.467,4163.736,2250,2250
2021-04-22 00:49:10.984000,4164.46,4163.951,460,2250
2021-04-22 00:49:11.034000,4164.601,4163.954,2250,2250
2021-04-22 00:49:47.131000,4164.669,4164.499,460,2250
2021-04-22 00:49:47.182000,4165.167,4164.445,2250,2250
2021-04-22 00:49:49.039000,4165.157,4164.648,460,2250
2021-04-22 00:49:49.090000,4165.355,4164.699,2250,2250
2021-04-22 00:49:52.453000,4165.363,4164.945,460,2250
2021-04-22 00:49:52.503000,4165.601,4164.933,2250,2250
2021-04-22 00:49:56.215000,4165.351,4164.951,460,2250
2021-04-22 00:49:56.265000,4165.346,4164.648,2250,2250
2021-04-22 00:49:59.190000,4165.157,4164.645,460,2250
2021-04-22 00:49:59.241000,4165.101,4164.445,2250,2250
2021-04-22 00:50:02.870000,4165.157,4164.648,460,2250
2021-04-22 00:50:02.920000,4165.301,4164.651,2250,2250
2021-04-22 00:50:03.029000,4165.167,4164.451,2250,4190
2021-04-22 00:50:03.080000,4165.152,4164.451,2250,2250
2021-04-22 00:50:16.708000,4165.151,4164.633,460,2250
2021-04-22 00:50:16.759000,4165.352,4164.699,2250,2250
2021-04-22 00:50:20.664000,4165.161,4164.445,2250,4190
2021-04-22 00:50:20.715000,4165.146,4164.454,2250,2250
2021-04-22 00:50:22.121000,4165.163,4164.645,460,2250
2021-04-22 00:50:22.171000,4165.355,4164.648,2250,2250
2021-04-22 00:50:23.699000,4165.155,4164.445,2250,4190
2021-04-22 00:50:23.749000,4165.152,4164.451,2250,2250
2021-04-22 00:50:43.875000,4164.857,4164.448,460,2250
2021-04-22 00:50:43.925000,4164.861,4164.142,2250,2250
2021-04-22 00:50:47.667000,4164.848,4164.448,460,2250
2021-04-22 00:50:47.718000,4165.167,4164.451,2250,2250
2021-04-22 00:50:51.597000,4164.864,4164.133,2250,4190
2021-04-22 00:50:51.647000,4164.861,4164.142,2250,2250
2021-04-22 00:51:14.470000,4164.658,4163.948,2250,4190
2021-04-22 00:51:14.521000,4164.652,4163.939,2250,2250
2021-04-22 00:51:34.663000,4164.603,4164.045,460,2250
2021-04-22 00:51:34.714000,4164.764,4164.054,2250,2250
2021-04-22 00:51:34.824000,4164.763,4164.154,460,2250
2021-04-22 00:51:34.875000,4164.858,4164.142,2250,2250
2021-04-22 00:51:38.321000,4164.661,4163.999,2250,4190
2021-04-22 00:51:38.371000,4164.601,4163.945,2250,2250
2021-04-22 00:51:40.191000,4164.663,4164.154,460,2250
2021-04-22 00:51:40.241000,4164.801,4164.145,2250,2250
2021-04-22 00:51:56.434000,4164.664,4163.951,2250,4190
2021-04-22 00:51:56.484000,4164.646,4163.948,2250,2250
2021-04-22 00:52:18.135000,4164.346,4163.645,2250,4190
2021-04-22 00:52:18.185000,4164.364,4163.651,2250,2250
2021-04-22 00:52:18.999000,4164.369,4163.951,460,2250
2021-04-22 00:52:19.049000,4164.646,4163.942,2250,2250
2021-04-22 00:52:24.416000,4164.358,4163.645,2250,4190
2021-04-22 00:52:24.466000,4164.349,4163.633,2250,2250
2021-04-22 00:53:07.238000,4164.152,4163.436,2250,4190
2021-04-22 00:53:07.289000,4164.146,4163.451,2250,2250
2021-04-22 00:53:17.932000,4164.151,4163.542,460,2250
2021-04-22 00:53:17.983000,4164.201,4163.548,2250,2250
2021-04-22 00:53:18.094000,4164.269,4163.636,460,2250
2021-04-22 00:53:18.144000,4164.367,4163.633,2250,2250
2021-04-22 00:53:25.001000,4164.163,4163.645,460,2250
2021-04-22 00:53:25.052000,4164.155,4163.445,2250,2250
2021-04-22 00:53:25.486000,4164.149,4163.451,2250,4190
2021-04-22 00:53:25.536000,4164.349,4163.642,2250,2250
2021-04-22 00:53:32.800000,4164.152,4163.439,2250,4190
2021-04-22 00:53:32.850000,4164.167,4163.499,2250,2250
2021-04-22 00:53:43.833000,4164.148,4163.639,460,2250
2021-04-22 00:53:43.883000,4164.367,4163.642,2250,2250
2021-04-22 00:53:43.997000,4164.149,4163.439,2250,4190
2021-04-22 00:53:44.047000,4164.101,4163.442,2250,2250
2021-04-22 00:53:45.463000,4164.154,4163.536,460,2250
2021-04-22 00:53:45.513000,4164.261,4163.599,2250,2250
2021-04-22 00:53:47.323000,4164.26,4163.636,460,2250
2021-04-22 00:53:47.373000,4164.301,4163.651,2250,2250
2021-04-22 00:53:59.189000,4164.155,4163.436,2250,4190
2021-04-22 00:53:59.240000,4164.146,4163.433,2250,2250
2021-04-22 00:54:00.095000,4164.151,4163.548,460,2250
2021-04-22 00:54:00.145000,4164.246,4163.599,2250,2250
2021-04-22 00:54:00.820000,4164.149,4163.499,2250,4190
2021-04-22 00:54:00.870000,4164.164,4163.454,2250,2250
2021-04-22 00:54:13.274000,4163.946,4163.299,2250,4190
2021-04-22 00:54:13.324000,4163.949,4163.239,2250,2250
2021-04-22 00:54:13.435000,4163.861,4163.154,2250,4190
2021-04-22 00:54:13.485000,4163.849,4163.199,2250,2250
2021-04-22 00:54:14.022000,4163.854,4163.251,460,2250
2021-04-22 00:54:14.072000,4163.952,4163.239,2250,2250
2021-04-22 00:54:14.234000,4163.858,4163.145,2250,4190
2021-04-22 00:54:14.285000,4163.858,4163.199,2250,2250
2021-04-22 00:54:19.822000,4163.857,4163.248,460,2250
2021-04-22 00:54:19.873000,4163.952,4163.236,2250,2250
2021-04-22 00:54:19.985000,4163.846,4163.142,2250,4190
2021-04-22 00:54:20.035000,4163.846,4163.136,2250,2250
2021-04-22 00:54:20.820000,4163.869,4163.236,460,2250
2021-04-22 00:54:20.871000,4163.958,4163.239,2250,2250
2021-04-22 00:54:20.981000,4163.951,4163.448,460,2250
2021-04-22 00:54:21.031000,4164.161,4163.445,2250,2250
2021-04-22 00:54:22.012000,4163.858,4163.154,2250,4190
2021-04-22 00:54:22.062000,4163.801,4163.154,2250,2250
2021-04-22 00:54:22.924000,4163.857,4163.499,460,2250
2021-04-22 00:54:22.974000,4164.161,4163.445,2250,2250
2021-04-22 00:54:26.432000,4163.852,4163.148,2250,4190
2021-04-22 00:54:26.482000,4163.867,4163.148,2250,2250
2021-04-22 00:54:30.204000,4163.866,4163.299,460,2250
2021-04-22 00:54:30.254000,4163.946,4163.299,2250,2250
2021-04-22 00:54:30.364000,4163.963,4163.439,460,2250
2021-04-22 00:54:30.415000,4164.146,4163.433,2250,2250
2021-04-22 00:54:31.418000,4163.846,4163.139,2250,4190
2021-04-22 00:54:31.468000,4163.867,4163.154,2250,2250
2021-04-22 00:54:33.994000,4163.86,4163.451,460,2250
2021-04-22 00:54:34.045000,4164.158,4163.439,2250,2250
2021-04-22 00:55:31.174000,4163.861,4163.151,2250,4190
2021-04-22 00:55:31.224000,4163.864,4163.139,2250,2250
2021-04-22 00:55:58.240000,4163.848,4163.499,460,2250
2021-04-22 00:55:58.291000,4164.167,4163.439,2250,2250
2021-04-22 00:56:11.183000,4163.852,4163.136,2250,4190
2021-04-22 00:56:11.233000,4163.852,4163.199,2250,2250
2021-04-22 00:56:45.203000,4163.658,4162.999,2250,4190
2021-04-22 00:56:45.254000,4163.664,4162.954,2250,2250
2021-04-22 00:57:01.933000,4163.663,4163.199,460,2250
2021-04-22 00:57:01.983000,4163.858,4163.151,2250,2250
2021-04-22 00:57:08.958000,4163.658,4162.948,2250,4190
2021-04-22 00:57:09.009000,4163.652,4162.999,2250,2250
2021-04-22 00:57:13.855000,4163.652,4162.954,2250,4190
2021-04-22 00:57:13.905000,4163.755,4163.042,2250,2250
2021-04-22 00:57:14.014000,4163.703,4163.154,460,2250
2021-04-22 00:57:14.064000,4163.801,4163.154,2250,2250
2021-04-22 00:57:17.605000,4163.646,4162.933,2250,4190
2021-04-22 00:57:17.656000,4163.658,4162.933,2250,2250
2021-04-22 00:57:42.339000,4163.669,4163.133,460,2250
2021-04-22 00:57:42.389000,4163.846,4163.142,2250,2250
2021-04-22 00:57:48.777000,4163.767,4163.054,2250,4190
2021-04-22 00:57:48.827000,4163.749,4163.042,2250,2250
2021-04-22 00:57:48.989000,4163.667,4162.945,2250,4190
2021-04-22 00:57:49.040000,4163.661,4162.948,2250,2250
2021-04-22 00:57:54.282000,4163.651,4163.142,460,2250
2021-04-22 00:57:54.332000,4163.855,4163.142,2250,2250
2021-04-22 00:58:02.877000,4163.649,4162.939,2250,4190
2021-04-22 00:58:02.927000,4163.655,4162.933,2250,2250
2021-04-22 00:58:18.219000,4163.666,4163.139,460,2250
2021-04-22 00:58:18.269000,4163.864,4163.142,2250,2250
2021-04-22 00:58:21.042000,4163.654,4163.145,460,2250
2021-04-22 00:58:21.092000,4163.652,4162.999,2250,2250
2021-04-22 00:58:49.260000,4163.657,4163.151,460,2250
2021-04-22 00:58:49.310000,4163.858,4163.139,2250,2250
2021-04-22 00:59:06.313000,4163.86,4163.433,460,2250
2021-04-22 00:59:06.363000,4164.146,4163.448,2250,2250
2021-04-22 00:59:10.434000,4163.846,4163.142,2250,4190
2021-04-22 00:59:10.484000,4163.867,4163.199,2250,2250
2021-04-22 00:59:12.039000,4163.86,4163.242,460,2250
2021-04-22 00:59:12.089000,4163.961,4163.254,2250,2250
2021-04-22 00:59:14.078000,4163.961,4163.251,2250,4190
2021-04-22 00:59:14.128000,4164.101,4163.499,2250,2250
2021-04-22 00:59:28.713000,4164.157,4163.654,460,2250
2021-04-22 00:59:28.763000,4164.364,4163.633,2250,2250
2021-04-22 00:59:28.873000,4164.161,4163.433,2250,4190
2021-04-22 00:59:28.923000,4164.146,4163.436,2250,2250
2021-04-22 00:59:58.141000,4163.846,4163.136,2250,4190
2021-04-22 00:59:58.192000,4163.855,4163.136,2250,2250
2021-04-22 01:00:02.957000,4163.657,4163.154,460,2250
2021-04-22 01:00:03.008000,4163.664,4162.933,2250,2250
2021-04-22 01:00:11.230000,4163.655,4162.936,2250,4190
2021-04-22 01:00:11.281000,4163.849,4163.199,2250,2250
2021-04-22 01:00:16.334000,4163.864,4163.148,2250,4190
2021-04-22 01:00:16.384000,4163.952,4163.245,2250,2250
2021-04-22 01:00:16.547000,4163.969,4163.454,460,2250
2021-04-22 01:00:16.597000,4164.146,4163.439,2250,2250
2021-04-22 01:00:16.707000,4163.867,4163.142,2250,4190
2021-04-22 01:00:16.758000,4163.801,4163.148,2250,2250
2021-04-22 01:00:17.780000,4163.848,4163.499,460,2250
2021-04-22 01:00:17.830000,4164.158,4163.439,2250,2250
2021-04-22 01:00:19.095000,4163.855,4163.133,2250,4190
2021-04-22 01:00:19.146000,4163.849,4163.145,2250,2250
2021-04-22 01:00:25.447000,4163.869,4163.451,460,2250
2021-04-22 01:00:25.498000,4164.146,4163.436,2250,2250
2021-04-22 01:00:46.436000,4164.157,4163.645,460,2250
2021-04-22 01:00:46.487000,4164.301,4163.648,2250,2250
2021-04-22 01:00:49.072000,4164.149,4163.439,2250,4190
2021-04-22 01:00:49.123000,4164.152,4163.448,2250,2250
2021-04-22 01:00:49.408000,4164.155,4163.499,2250,4190
2021-04-22 01:00:49.458000,4164.301,4163.636,2250,2250
2021-04-22 01:00:49.721000,4164.249,4163.599,2250,4190
2021-04-22 01:00:49.772000,4164.246,4163.551,2250,2250
2021-04-22 01:00:50.041000,4164.251,4163.651,460,2250
2021-04-22 01:00:50.091000,4164.346,4163.648,2250,2250
2021-04-22 01:01:06.818000,4164.355,4163.699,2250,4190
2021-04-22 01:01:06.868000,4164.461,4163.739,2250,2250
2021-04-22 01:01:07.536000,4164.448,4163.939,460,2250
2021-04-22 01:01:07.586000,4164.601,4163.954,2250,2250
2021-04-22 01:01:07.686000,4164.355,4163.633,2250,4190
2021-04-22 01:01:07.737000,4164.349,4163.648,2250,2250
2021-04-22 01:01:09.176000,4164.346,4163.699,2250,4190
2021-04-22 01:01:09.226000,4164.455,4163.754,2250,2250
2021-04-22 01:01:09.339000,4164.463,4163.948,460,2250
2021-04-22 01:01:09.389000,4164.658,4163.939,2250,2250
2021-04-22 01:01:34.641000,4164.346,4163.633,2250,4190
2021-04-22 01:01:34.691000,4164.346,4163.642,2250,2250
2021-04-22 01:01:35.280000,4164.357,4163.745,460,2250
2021-04-22 01:01:35.331000,4164.455,4163.748,2250,2250
2021-04-22 01:01:35.443000,4164.346,4163.699,2250,4190
2021-04-22 01:01:35.493000,4164.361,4163.642,2250,2250
2021-04-22 01:01:37.730000,4164.369,4163.739,460,2250
2021-04-22 01:01:37.780000,4164.455,4163.742,2250,2250
2021-04-22 01:01:37.891000,4164.352,4163.636,2250,4190
2021-04-22 01:01:37.941000,4164.364,4163.645,2250,2250
2021-04-22 01:01:52.754000,4164.167,4163.445,2250,4190
2021-04-22 01:01:52.804000,4164.149,4163.454,2250,2250
2021-04-22 01:02:04.780000,4163.849,4163.154,2250,4190
2021-04-22 01:02:04.830000,4163.846,4163.151,2250,2250
2021-04-22 01:02:07.723000,4163.652,4162.936,2250,4190
2021-04-22 01:02:07.773000,4163.646,4162.936,2250,2250
2021-04-22 01:02:12.132000,4163.358,4162.636,2250,4190
2021-04-22 01:02:12.182000,4163.301,4162.645,2250,2250
2021-04-22 01:02:12.572000,4163.36,4162.942,460,2250
2021-04-22 01:02:12.623000,4163.601,4162.942,2250,2250
2021-04-22 01:02:14.610000,4163.467,4162.748,2250,4190
2021-04-22 01:02:14.661000,4163.446,4162.745,2250,2250
2021-04-22 01:02:14.771000,4163.361,4162.651,2250,4190
2021-04-22 01:02:14.823000,4163.367,4162.639,2250,2250
2021-04-22 01:02:26.080000,4163.158,4162.499,2250,4190
2021-04-22 01:02:26.130000,4163.155,4162.454,2250,2250
2021-04-22 01:02:30.549000,4163.154,4162.699,460,2250
2021-04-22 01:02:30.599000,4163.346,4162.651,2250,2250
2021-04-22 01:03:01.068000,4163.354,4162.754,460,2250
2021-04-22 01:03:01.118000,4163.401,4162.748,2250,2250
2021-04-22 01:03:01.236000,4163.367,4162.639,2250,4190
2021-04-22 01:03:01.286000,4163.301,4162.651,2250,2250
2021-04-22 01:03:07.245000,4163.303,4162.739,460,2250
2021-04-22 01:03:07.296000,4163.449,4162.745,2250,2250
2021-04-22 01:03:07.821000,4163.364,4162.699,2250,4190
2021-04-22 01:03:07.871000,4163.358,4162.645,2250,2250
2021-04-22 01:03:08.300000,4163.363,4162.754,460,2250
2021-04-22 01:03:08.350000,4163.464,4162.736,2250,2250
2021-04-22 01:03:08.662000,4163.358,4162.648,2250,4190
2021-04-22 01:03:08.712000,4163.364,4162.651,2250,2250
2021-04-22 01:03:13.568000,4163.363,4162.739,460,2250
2021-04-22 01:03:13.618000,4163.458,4162.733,2250,2250
2021-04-22 01:03:14.048000,4163.355,4162.648,2250,4190
2021-04-22 01:03:14.099000,4163.349,4162.636,2250,2250
2021-04-22 01:03:17.088000,4163.36,4162.751,460,2250
2021-04-22 01:03:17.138000,4163.449,4162.745,2250,2250
2021-04-22 01:03:17.248000,4163.46,4162.999,460,2250
2021-04-22 01:03:17.298000,4163.601,4162.933,2250,2250
2021-04-22 01:03:26.067000,4163.461,4162.745,2250,4190
2021-04-22 01:03:26.117000,4163.467,4162.754,2250,2250
2021-04-22 01:03:26.227000,4163.301,4162.699,2250,4190
2021-04-22 01:03:26.278000,4163.358,4162.639,2250,2250
2021-04-22 01:03:41.144000,4163.355,4162.633,2250,4190
2021-04-22 01:03:41.195000,4163.664,4162.945,2250,2250
2021-04-22 01:03:50.428000,4163.349,4162.651,2250,4190
2021-04-22 01:03:50.478000,4163.358,4162.636,2250,2250
2021-04-22 01:03:51.945000,4163.369,4162.936,460,2250
2021-04-22 01:03:51.996000,4163.652,4162.945,2250,2250
2021-04-22 01:03:52.106000,4163.455,4162.751,2250,4190
2021-04-22 01:03:52.157000,4163.446,4162.754,2250,2250
2021-04-22 01:03:52.289000,4163.455,4162.748,2250,4190
2021-04-22 01:03:52.340000,4163.667,4162.951,2250,2250
2021-04-22 01:03:52.768000,4163.467,4162.739,2250,4190
2021-04-22 01:03:52.819000,4163.452,4162.754,2250,2250
2021-04-22 01:03:53.238000,4163.352,4162.654,2250,4190
2021-04-22 01:03:53.289000,4163.349,4162.699,2250,2250
2021-04-22 01:03:54.050000,4163.354,4162.951,460,2250
2021-04-22 01:03:54.100000,4163.652,4162.936,2250,2250
2021-04-22 01:04:03.978000,4163.461,4162.736,2250,4190
2021-04-22 01:04:04.029000,4163.455,4162.799,2250,2250
2021-04-22 01:04:05.512000,4163.457,4162.939,460,2250
2021-04-22 01:04:05.563000,4163.652,4162.954,2250,2250
2021-04-22 01:04:05.673000,4163.346,4162.636,2250,4190
2021-04-22 01:04:05.724000,4163.358,4162.648,2250,2250
2021-04-22 01:04:12.235000,4163.16,4162.633,460,2250
2021-04-22 01:04:12.285000,4163.152,4162.436,2250,2250
2021-04-22 01:04:16.711000,4163.157,4162.654,460,2250
2021-04-22 01:04:16.761000,4163.301,4162.654,2250,2250
2021-04-22 01:04:43.039000,4163.303,4162.945,460,2250
2021-04-22 01:04:43.089000,4163.655,4162.939,2250,2250
2021-04-22 01:05:00.727000,4163.666,4163.133,460,2250
2021-04-22 01:05:00.778000,4163.864,4163.133,2250,2250
2021-04-22 01:05:04.664000,4163.803,4163.433,460,2250
2021-04-22 01:05:04.714000,4164.149,4163.439,2250,2250
2021-04-22 01:05:26.349000,4164.151,4163.642,460,2250
2021-04-22 01:05:26.400000,4164.355,4163.648,2250,2250
2021-04-22 01:05:26.512000,4164.149,4163.445,2250,4190
2021-04-22 01:05:26.562000,4164.155,4163.445,2250,2250
2021-04-22 01:05:29.722000,4164.101,4163.499,2250,4190
2021-04-22 01:05:29.772000,4164.355,4163.651,2250,2250
2021-04-22 01:05:43.096000,4164.258,4163.539,2250,4190
2021-04-22 01:05:43.147000,4164.246,4163.539,2250,2250
2021-04-22 01:05:43.256000,4164.151,4163.554,460,2250
2021-04-22 01:05:43.307000,4164.155,4163.451,2250,2250
2021-04-22 01:05:47.244000,4164.166,4163.642,460,2250
2021-04-22 01:05:47.295000,4164.367,4163.636,2250,2250
2021-04-22 01:05:47.729000,4164.264,4163.539,2250,2250
2021-04-22 01:05:47.884000,4164.155,4163.445,2250,4190
2021-04-22 01:05:47.934000,4164.164,4163.445,2250,2250
2021-04-22 01:06:00.376000,4164.169,4163.654,460,2250
2021-04-22 01:06:00.426000,4164.346,4163.639,2250,2250
2021-04-22 01:06:04.920000,4164.363,4163.933,460,2250
2021-04-22 01:06:04.970000,4164.664,4163.942,2250,2250
2021-04-22 01:06:31.566000,4164.657,4164.145,460,2250
2021-04-22 01:06:31.616000,4164.801,4164.199,2250,2250
2021-04-22 01:06:38.484000,4164.851,4164.499,460,2250
2021-04-22 01:06:38.534000,4165.158,4164.451,2250,2250
2021-04-22 01:06:41.046000,4164.952,4164.299,2250,4190
2021-04-22 01:06:41.097000,4164.964,4164.254,2250,2250
2021-04-22 01:06:41.207000,4164.963,4164.448,460,2250
2021-04-22 01:06:41.257000,4165.155,4164.439,2250,2250
2021-04-22 01:06:41.754000,4164.855,4164.145,2250,4190
2021-04-22 01:06:41.805000,4164.846,4164.148,2250,2250
2021-04-22 01:06:44.878000,4164.851,4164.451,460,2250
2021-04-22 01:06:44.928000,4165.167,4164.445,2250,2250
2021-04-22 01:06:45.582000,4164.846,4164.154,2250,4190
2021-04-22 01:06:45.633000,4164.861,4164.145,2250,2250
2021-04-22 01:06:47.108000,4164.857,4164.454,460,2250
2021-04-22 01:06:47.158000,4165.101,4164.454,2250,2250
2021-04-22 01:06:47.738000,4164.849,4164.142,2250,4190
2021-04-22 01:06:47.789000,4164.852,4164.142,2250,2250
2021-04-22 01:06:47.900000,4165.161,4164.445,2250,2250
2021-04-22 01:06:48.063000,4164.867,4164.199,2250,4190
2021-04-22 01:06:48.114000,4164.861,4164.139,2250,2250
2021-04-22 01:07:02.030000,4164.851,4164.499,460,2250
2021-04-22 01:07:02.080000,4165.152,4164.442,2250,2250
2021-04-22 01:07:17.464000,4165.163,4164.651,460,2250
2021-04-22 01:07:17.514000,4165.346,4164.648,2250,2250
2021-04-22 01:07:27.325000,4165.167,4164.451,2250,4190
2021-04-22 01:07:27.375000,4165.149,4164.445,2250,2250
2021-04-22 01:07:32.405000,4165.103,4164.548,460,2250
2021-04-22 01:07:32.455000,4165.267,4164.545,2250,2250
2021-04-22 01:07:32.566000,4165.161,4164.448,2250,4190
2021-04-22 01:07:32.617000,4165.155,4164.499,2250,2250
2021-04-22 01:07:34.382000,4165.148,4164.654,460,2250
2021-04-22 01:07:34.433000,4165.358,4164.654,2250,2250
2021-04-22 01:07:34.859000,4165.158,4164.433,2250,4190
2021-04-22 01:07:34.910000,4165.167,4164.433,2250,2250
2021-04-22 01:07:35.171000,4165.157,4164.545,460,2250
2021-04-22 01:07:35.222000,4165.249,4164.542,2250,2250
2021-04-22 01:07:35.331000,4165.248,4164.633,460,2250
2021-04-22 01:07:35.382000,4165.349,4164.636,2250,2250
2021-04-22 01:07:35.491000,4165.146,4164.499,2250,4190
2021-04-22 01:07:35.541000,4165.164,4164.448,2250,2250
2021-04-22 01:07:35.653000,4165.166,4164.699,460,2250
2021-04-22 01:07:35.704000,4165.367,4164.651,2250,2250
2021-04-22 01:07:36.806000,4165.164,4164.448,2250,4190
2021-04-22 01:07:36.857000,4165.152,4164.454,2250,2250
2021-04-22 01:07:55.118000,4165.103,4164.533,460,2250
2021-04-22 01:07:55.169000,4165.261,4164.542,2250,2250
2021-04-22 01:07:55.279000,4165.152,4164.445,2250,4190
2021-04-22 01:07:55.329000,4165.152,4164.436,2250,2250
2021-04-22 01:07:55.958000,4165.154,4164.645,460,2250
2021-04-22 01:07:56.009000,4165.367,4164.633,2250,2250
2021-04-22 01:07:56.119000,4165.158,4164.454,2250,4190
2021-04-22 01:07:56.170000,4165.101,4164.439,2250,2250
2021-04-22 01:07:57.609000,4165.164,4164.436,2250,4190
2021-04-22 01:07:57.660000,4165.261,4164.536,2250,2250
2021-04-22 01:07:57.772000,4165.146,4164.499,2250,4190
2021-04-22 01:07:57.823000,4165.158,4164.436,2250,2250
2021-04-22 01:07:58.127000,4165.169,4164.542,460,2250
2021-04-22 01:07:58.177000,4165.249,4164.536,2250,2250
2021-04-22 01:07:58.752000,4165.257,4164.645,460,2250
2021-04-22 01:07:58.803000,4165.346,4164.699,2250,2250
2021-04-22 01:08:00.419000,4165.158,4164.445,2250,4190
2021-04-22 01:08:00.469000,4165.155,4164.445,2250,2250
2021-04-22 01:08:02.486000,4165.151,4164.599,460,2250
2021-04-22 01:08:02.537000,4165.267,4164.551,2250,2250
2021-04-22 01:08:03.247000,4165.263,4164.642,460,2250
2021-04-22 01:08:03.297000,4165.355,4164.699,2250,2250
2021-04-22 01:08:06.311000,4165.354,4164.999,460,2250
2021-04-22 01:08:06.361000,4165.601,4164.945,2250,2250
2021-04-22 01:08:30.182000,4165.669,4165.133,460,2250
2021-04-22 01:08:30.232000,4165.852,4165.142,2250,2250
2021-04-22 01:08:54.592000,4165.864,4165.145,2250,4190
2021-04-22 01:08:54.642000,4165.958,4165.233,2250,2250
2021-04-22 01:08:54.742000,4165.957,4165.454,460,2250
2021-04-22 01:08:54.792000,4166.101,4165.445,2250,2250
2021-04-22 01:08:55.384000,4166.152,4165.448,2250,4190
2021-04-22 01:08:55.434000,4166.355,4165.645,2250,2250
2021-04-22 01:09:01.776000,4166.369,4165.954,460,2250
2021-04-22 01:09:01.826000,4166.652,4165.954,2250,2250
2021-04-22 01:09:01.935000,4166.301,4165.642,2250,4190
2021-04-22 01:09:01.986000,4166.301,4165.636,2250,2250
2021-04-22 01:09:02.575000,4166.357,4165.999,460,2250
2021-04-22 01:09:02.625000,4166.646,4165.945,2250,2250
2021-04-22 01:09:03.116000,4166.352,4165.654,2250,4190
2021-04-22 01:09:03.167000,4166.301,4165.633,2250,2250
2021-04-22 01:09:03.445000,4166.303,4165.945,460,2250
2021-04-22 01:09:03.495000,4166.652,4165.936,2250,2250
2021-04-22 01:09:41.163000,4166.603,4166.154,460,2250
2021-04-22 01:09:41.213000,4166.852,4166.136,2250,2250
2021-04-22 01:10:00.826000,4166.867,4166.151,2250,4190
2021-04-22 01:10:00.877000,4167.164,4166.499,2250,2250
2021-04-22 01:10:01.781000,4167.103,4166.639,460,2250
2021-04-22 01:10:01.831000,4167.367,4166.699,2250,2250
2021-04-22 01:10:06.039000,4167.351,4167.154,460,2250
2021-04-22 01:10:06.090000,4167.846,4167.199,2250,2250
2021-04-22 01:10:06.200000,4167.603,4167.136,460,2250
2021-04-22 01:10:06.250000,4167.667,4166.951,2250,2250
2021-04-22 01:10:06.360000,4167.603,4167.133,460,2250
2021-04-22 01:10:06.410000,4167.861,4167.154,2250,2250
2021-04-22 01:10:06.518000,4167.661,4166.945,2250,4190
2021-04-22 01:10:06.569000,4167.667,4166.936,2250,2250
2021-04-22 01:10:07.158000,4167.66,4167.154,460,2250
2021-04-22 01:10:07.209000,4167.852,4167.199,2250,2250
2021-04-22 01:10:09.863000,4167.649,4166.942,2250,4190
2021-04-22 01:10:09.913000,4167.646,4166.939,2250,2250
2021-04-22 01:10:14.216000,4167.648,4167.451,460,2250
2021-04-22 01:10:14.267000,4168.158,4167.445,2250,2250
2021-04-22 01:10:14.378000,4168.101,4167.436,2250,4190
2021-04-22 01:10:14.432000,4168.358,4167.639,2250,2250
2021-04-22 01:10:18.099000,4168.164,4167.433,2250,4190
2021-04-22 01:10:18.150000,4168.167,4167.439,2250,2250
2021-04-22 01:10:20.528000,4168.154,4167.639,460,2250
2021-04-22 01:10:20.578000,4168.349,4167.645,2250,2250
2021-04-22 01:10:23.761000,4168.161,4167.448,2250,4190
2021-04-22 01:10:23.811000,4168.146,4167.445,2250,2250
2021-04-22 01:10:25.980000,4168.161,4167.499,2250,4190
2021-04-22 01:10:26.030000,4168.364,4167.648,2250,2250
2021-04-22 01:10:26.460000,4168.158,4167.433,2250,4190
2021-04-22 01:10:26.510000,4168.155,4167.445,2250,2250
2021-04-22 01:10:26.621000,4168.154,4167.639,460,2250
2021-04-22 01:10:26.671000,4168.361,4167.651,2250,2250
2021-04-22 01:10:26.780000,4168.155,4167.451,2250,4190
2021-04-22 01:10:26.830000,4168.161,4167.499,2250,2250
2021-04-22 01:10:26.940000,4168.103,4167.654,460,2250
2021-04-22 01:10:26.991000,4168.352,4167.645,2250,2250
2021-04-22 01:10:27.420000,4168.101,4167.448,2250,4190
2021-04-22 01:10:27.471000,4168.152,4167.454,2250,2250
2021-04-22 01:10:45.533000,4167.852,4167.133,2250,4190
2021-04-22 01:10:45.583000,4167.867,4167.145,2250,2250
2021-04-22 01:10:48.804000,4167.661,4166.933,2250,4190
2021-04-22 01:10:48.854000,4167.655,4166.945,2250,2250
2021-04-22 01:10:59.373000,4167.301,4166.654,2250,4190
2021-04-22 01:10:59.423000,4167.301,4166.654,2250,2250
2021-04-22 01:10:59.696000,4167.348,4166.939,460,2250
2021-04-22 01:10:59.746000,4167.658,4166.951,2250,2250
2021-04-22 01:10:59.854000,4167.301,4166.639,2250,4190
2021-04-22 01:10:59.904000,4167.361,4166.639,2250,2250
2021-04-22 01:11:00.336000,4167.363,4166.945,460,2250
2021-04-22 01:11:00.386000,4167.664,4166.951,2250,2250
2021-04-22 01:11:00.654000,4167.349,4166.699,2250,4190
2021-04-22 01:11:00.705000,4167.352,4166.651,2250,2250
2021-04-22 01:11:01.462000,4167.346,4166.645,2250,4190
2021-04-22 01:11:01.512000,4167.655,4166.948,2250,2250
2021-04-22 01:11:02.285000,4167.355,4166.648,2250,4190
2021-04-22 01:11:02.335000,4167.358,4166.654,2250,2250
2021-04-22 01:11:02.607000,4167.646,4166.939,2250,2250
2021-04-22 01:11:03.757000,4167.349,4166.699,2250,4190
2021-04-22 01:11:03.807000,4167.367,4166.633,2250,2250
2021-04-22 01:11:06.541000,4167.158,4166.451,2250,4190
2021-04-22 01:11:06.592000,4167.152,4166.442,2250,2250
2021-04-22 01:11:08.882000,4166.801,4166.199,2250,4190
2021-04-22 01:11:08.932000,4166.855,4166.145,2250,2250
2021-04-22 01:11:09.729000,4166.851,4166.451,460,2250
2021-04-22 01:11:09.779000,4167.152,4166.439,2250,2250
2021-04-22 01:11:19.699000,4167.163,4166.633,460,2250
2021-04-22 01:11:19.749000,4167.367,4166.639,2250,2250
2021-04-22 01:11:31.256000,4167.303,4166.948,460,2250
2021-04-22 01:11:31.306000,4167.661,4166.948,2250,2250
2021-04-22 01:11:35.833000,4167.358,4166.648,2250,4190
2021-04-22 01:11:35.883000,4167.358,4166.642,2250,2250
2021-04-22 01:11:37.352000,4167.357,4166.751,460,2250
2021-04-22 01:11:37.402000,4167.461,4166.799,2250,2250
2021-04-22 01:11:37.672000,4167.358,4166.645,2250,4190
2021-04-22 01:11:37.723000,4167.301,4166.642,2250,2250
2021-04-22 01:11:38.211000,4167.361,4166.642,2250,4190
2021-04-22 01:11:38.262000,4167.446,4166.736,2250,2250
2021-04-22 01:11:38.684000,4167.448,4166.942,460,2250
2021-04-22 01:11:38.735000,4167.655,4166.933,2250,2250
2021-04-22 01:11:41.277000,4167.651,4167.154,460,2250
2021-04-22 01:11:41.327000,4167.864,4167.154,2250,2250
2021-04-22 01:11:52.893000,4167.857,4167.448,460,2250
2021-04-22 01:11:52.944000,4168.164,4167.448,2250,2250
2021-04-22 01:11:53.052000,4167.867,4167.199,2250,4190
2021-04-22 01:11:53.102000,4167.864,4167.145,2250,2250
2021-04-22 01:11:58.654000,4167.667,4166.948,2250,4190
2021-04-22 01:11:58.704000,4167.661,4166.936,2250,2250
2021-04-22 01:12:00.621000,4167.669,4167.199,460,2250
2021-04-22 01:12:00.672000,4167.864,4167.145,2250,2250
2021-04-22 01:12:08.910000,4167.66,4167.133,460,2250
2021-04-22 01:12:08.961000,4167.601,4166.948,2250,2250
2021-04-22 01:12:12.489000,4167.66,4167.154,460,2250
2021-04-22 01:12:12.540000,4167.849,4167.142,2250,2250
2021-04-22 01:12:15.877000,4167.661,4166.936,2250,4190
2021-04-22 01:12:15.928000,4167.667,4166.939,2250,2250
2021-04-22 01:12:19.582000,4167.301,4166.645,2250,4190
2021-04-22 01:12:19.632000,4167.361,4166.645,2250,2250
2021-04-22 01:12:20.219000,4167.369,4166.733,460,2250
2021-04-22 01:12:20.269000,4167.449,4166.754,2250,2250
2021-04-22 01:12:20.379000,4167.403,4166.936,460,2250
2021-04-22 01:12:20.429000,4167.658,4166.936,2250,2250
2021-04-22 01:12:20.539000,4167.352,4166.648,2250,4190
2021-04-22 01:12:20.589000,4167.301,4166.645,2250,2250
2021-04-22 01:12:39.258000,4167.352,4166.633,2250,4190
2021-04-22 01:12:39.308000,4167.667,4166.999,2250,2250
2021-04-22 01:12:40.727000,4167.449,4166.736,2250,4190
2021-04-22 01:12:40.778000,4167.401,4166.799,2250,2250
2021-04-22 01:12:41.256000,4167.448,4166.951,460,2250
2021-04-22 01:12:41.306000,4167.646,4166.945,2250,2250
2021-04-22 01:12:45.665000,4167.401,4166.799,2250,4190
2021-04-22 01:12:45.716000,4167.458,4166.748,2250,2250
2021-04-22 01:12:45.825000,4167.463,4166.939,460,2250
2021-04-22 01:12:45.875000,4167.646,4166.948,2250,2250
2021-04-22 01:12:49.878000,4167.449,4166.733,2250,4190
2021-04-22 01:12:49.928000,4167.455,4166.745,2250,2250
2021-04-22 01:12:50.357000,4167.469,4166.939,460,2250
2021-04-22 01:12:50.407000,4167.667,4166.939,2250,2250
2021-04-22 01:12:51.010000,4167.467,4166.751,2250,4190
2021-04-22 01:12:51.060000,4167.464,4166.742,2250,2250
2021-04-22 01:12:51.522000,4167.358,4166.645,2250,4190
2021-04-22 01:12:51.572000,4167.367,4166.642,2250,2250
2021-04-22 01:13:02.517000,4167.369,4166.751,460,2250
2021-04-22 01:13:02.568000,4167.452,4166.733,2250,2250
2021-04-22 01:13:02.901000,4167.358,4166.648,2250,4190
2021-04-22 01:13:02.951000,4167.349,4166.633,2250,2250
2021-04-22 01:13:25.614000,4167.36,4166.936,460,2250
2021-04-22 01:13:25.665000,4167.667,4166.942,2250,2250
2021-04-22 01:13:27.823000,4167.467,4166.751,2250,4190
2021-04-22 01:13:27.873000,4167.458,4166.799,2250,2250
2021-04-22 01:13:28.045000,4167.364,4166.636,2250,4190
2021-04-22 01:13:28.095000,4167.355,4166.645,2250,2250
2021-04-22 01:13:28.680000,4167.351,4166.951,460,2250
2021-04-22 01:13:28.730000,4167.661,4166.945,2250,2250
2021-04-22 01:13:29.001000,4167.361,4166.636,2250,4190
2021-04-22 01:13:29.053000,4167.364,4166.654,2250,2250
2021-04-22 01:13:45.453000,4167.146,4166.433,2250,4190
2021-04-22 01:13:45.503000,4167.167,4166.442,2250,2250
2021-04-22 01:13:47.019000,4166.855,4166.136,2250,4190
2021-04-22 01:13:47.069000,4166.849,4166.154,2250,2250
2021-04-22 01:13:50.802000,4166.667,4165.942,2250,2250
2021-04-22 01:13:52.087000,4166.666,4166.051,460,2250
2021-04-22 01:13:52.138000,4166.752,4166.099,2250,2250
2021-04-22 01:13:52.249000,4166.751,4166.139,460,2250
2021-04-22 01:13:52.300000,4166.849,4166.139,2250,2250
2021-04-22 01:13:53.616000,4166.661,4165.933,2250,4190
2021-04-22 01:13:53.667000,4166.655,4165.939,2250,2250
2021-04-22 01:13:58.145000,4166.648,4166.154,460,2250
2021-04-22 01:13:58.195000,4166.855,4166.151,2250,2250
2021-04-22 01:14:00.074000,4166.654,4166.133,460,2250
2021-04-22 01:14:00.125000,4166.655,4165.942,2250,2250
2021-04-22 01:14:02.186000,4166.654,4166.139,460,2250
2021-04-22 01:14:02.236000,4166.858,4166.199,2250,2250
2021-04-22 01:14:06.348000,4166.848,4166.433,460,2250
2021-04-22 01:14:06.399000,4167.146,4166.451,2250,2250
2021-04-22 01:14:06.495000,4166.858,4166.136,2250,4190
2021-04-22 01:14:06.546000,4166.801,4166.133,2250,2250
2021-04-22 01:14:12.037000,4166.848,4166.254,460,2250
2021-04-22 01:14:12.087000,4166.949,4166.245,2250,2250
2021-04-22 01:14:12.197000,4166.861,4166.199,2250,4190
2021-04-22 01:14:12.247000,4166.852,4166.142,2250,2250
2021-04-22 01:14:12.355000,4166.857,4166.433,460,2250
2021-04-22 01:14:12.406000,4167.161,4166.451,2250,2250
2021-04-22 01:14:15.009000,4167.167,4166.454,2250,4190
2021-04-22 01:14:15.059000,4167.255,4166.536,2250,2250
2021-04-22 01:14:15.171000,4167.248,4166.648,460,2250
2021-04-22 01:14:15.221000,4167.355,4166.645,2250,2250
2021-04-22 01:14:15.648000,4167.351,4166.948,460,2250
2021-04-22 01:14:15.699000,4167.664,4166.939,2250,2250
2021-04-22 01:14:15.968000,4167.352,4166.636,2250,4190
2021-04-22 01:14:16.018000,4167.352,4166.645,2250,2250
2021-04-22 01:14:22.292000,4167.348,4166.933,460,2250
2021-04-22 01:14:22.343000,4167.667,4166.933,2250,2250
2021-04-22 01:14:22.452000,4167.346,4166.642,2250,4190
2021-04-22 01:14:22.502000,4167.349,4166.642,2250,2250
2021-04-22 01:14:23.095000,4167.655,4166.939,2250,2250
2021-04-22 01:14:24.711000,4167.455,4166.742,2250,4190
2021-04-22 01:14:24.762000,4167.467,4166.754,2250,2250
2021-04-22 01:14:25.122000,4167.355,4166.645,2250,4190
2021-04-22 01:14:25.172000,4167.358,4166.654,2250,2250
2021-04-22 01:14:26.912000,4167.303,4166.742,460,2250
2021-04-22 01:14:26.962000,4167.464,4166.736,2250,2250
2021-04-22 01:14:27.071000,4167.361,4166.636,2250,4190
2021-04-22 01:14:27.122000,4167.349,4166.642,2250,2250
2021-04-22 01:14:37.729000,4166.869,4166.639,460,2250
2021-04-22 01:14:37.779000,4166.852,4166.139,2250,2250
2021-04-22 01:14:40.843000,4166.657,4166.148,460,2250
2021-04-22 01:14:40.893000,4166.658,4165.999,2250,2250
2021-04-22 01:15:01.259000,4166.669,4166.199,460,2250
2021-04-22 01:15:01.309000,4166.801,4166.154,2250,2250
2021-04-22 01:15:09.206000,4166.601,4165.951,2250,4190
2021-04-22 01:15:09.256000,4166.652,4165.939,2250,2250
2021-04-22 01:15:10.707000,4166.651,4166.136,460,2250
2021-04-22 01:15:10.757000,4166.846,4166.142,2250,2250
2021-04-22 01:15:17.559000,4166.86,4166.433,460,2250
2021-04-22 01:15:17.609000,4167.149,4166.433,2250,2250
2021-04-22 01:15:17.878000,4166.864,4166.151,2250,4190
2021-04-22 01:15:17.929000,4166.846,4166.139,2250,2250
2021-04-22 01:15:20.382000,4166.854,4166.448,460,2250
2021-04-22 01:15:20.432000,4167.158,4166.451,2250,2250
2021-04-22 01:15:24.753000,4166.846,4166.136,2250,4190
2021-04-22 01:15:24.803000,4166.849,4166.151,2250,2250
2021-04-22 01:15:29.106000,4166.664,4165.939,2250,4190
2021-04-22 01:15:29.156000,4166.652,4165.942,2250,2250
2021-04-22 01:15:29.761000,4166.652,4165.939,2250,4190
2021-04-22 01:15:29.812000,4166.801,4166.133,2250,2250
2021-04-22 01:15:31.183000,4166.649,4165.945,2250,4190
2021-04-22 01:15:31.233000,4166.667,4165.951,2250,2250
2021-04-22 01:15:32.144000,4166.664,4165.948,2250,4190
2021-04-22 01:15:32.194000,4166.858,4166.145,2250,2250
2021-04-22 01:15:34.680000,4166.646,4165.933,2250,4190
2021-04-22 01:15:34.731000,4166.667,4165.945,2250,2250
2021-04-22 01:15:40.663000,4166.354,4165.945,460,2250
2021-04-22 01:15:40.713000,4166.358,4165.699,2250,2250
2021-04-22 01:15:47.941000,4166.348,4165.936,460,2250
2021-04-22 01:15:47.991000,4166.658,4165.933,2250,2250
2021-04-22 01:15:49.020000,4166.367,4165.645,2250,4190
2021-04-22 01:15:49.071000,4166.349,4165.699,2250,2250
2021-04-22 01:15:56.189000,4166.155,4165.451,2250,4190
2021-04-22 01:15:56.239000,4166.158,4165.499,2250,2250
2021-04-22 01:15:59.605000,4166.161,4165.451,2250,4190
2021-04-22 01:15:59.656000,4166.349,4165.699,2250,2250
2021-04-22 01:16:01.942000,4166.167,4165.451,2250,4190
2021-04-22 01:16:01.992000,4166.155,4165.439,2250,2250
2021-04-22 01:16:05.699000,4165.846,4165.139,2250,4190
2021-04-22 01:16:05.749000,4165.852,4165.148,2250,2250
2021-04-22 01:16:10.691000,4165.667,4164.942,2250,4190
2021-04-22 01:16:10.741000,4165.652,4164.942,2250,2250
2021-04-22 01:16:13.201000,4165.361,4164.642,2250,4190
2021-04-22 01:16:13.251000,4165.358,4164.654,2250,2250
2021-04-22 01:16:13.905000,4165.101,4164.442,2250,4190
2021-04-22 01:16:13.955000,4165.101,4164.436,2250,2250
2021-04-22 01:16:14.859000,4164.964,4164.248,2250,4190
2021-04-22 01:16:14.910000,4164.949,4164.245,2250,2250
2021-04-22 01:16:15.026000,4164.849,4164.145,2250,2250
2021-04-22 01:16:18.209000,4164.848,4164.448,460,2250
2021-04-22 01:16:18.261000,4165.164,4164.454,2250,2250
2021-04-22 01:16:19.354000,4165.16,4164.699,460,2250
2021-04-22 01:16:19.405000,4165.358,4164.699,2250,2250
2021-04-22 01:16:20.160000,4165.101,4164.442,2250,4190
2021-04-22 01:16:20.211000,4165.149,4164.448,2250,2250
2021-04-22 01:16:20.318000,4165.151,4164.551,460,2250
2021-04-22 01:16:20.368000,4165.261,4164.542,2250,2250
2021-04-22 01:16:20.475000,4165.257,4164.642,460,2250
2021-04-22 01:16:20.525000,4165.346,4164.645,2250,2250
2021-04-22 01:16:20.636000,4165.258,4164.545,2250,4190
2021-04-22 01:16:20.687000,4165.267,4164.536,2250,2250
2021-04-22 01:16:20.956000,4165.266,4164.636,460,2250
2021-04-22 01:16:21.006000,4165.367,4164.642,2250,2250
2021-04-22 01:16:21.610000,4165.163,4164.639,460,2250
2021-04-22 01:16:21.661000,4165.155,4164.436,2250,2250
2021-04-22 01:16:23.013000,4165.148,4164.645,460,2250
2021-04-22 01:16:23.063000,4165.361,4164.642,2250,2250
2021-04-22 01:16:23.549000,4165.149,4164.433,2250,4190
2021-04-22 01:16:23.599000,4165.158,4164.451,2250,2250
2021-04-22 01:16:26.193000,4164.855,4164.151,2250,4190
2021-04-22 01:16:26.243000,4164.867,4164.148,2250,2250
2021-04-22 01:16:27.216000,4164.86,4164.451,460,2250
2021-04-22 01:16:27.266000,4165.164,4164.454,2250,2250
2021-04-22 01:16:28.644000,4165.157,4164.533,460,2250
2021-04-22 01:16:28.695000,4165.267,4164.599,2250,2250
2021-04-22 01:16:28.880000,4165.155,4164.439,2250,4190
2021-04-22 01:16:28.931000,4165.101,4164.499,2250,2250
2021-04-22 01:16:29.859000,4165.16,4164.548,460,2250
2021-04-22 01:16:29.909000,4165.267,4164.551,2250,2250
2021-04-22 01:16:30.157000,4165.155,4164.445,2250,4190
2021-04-22 01:16:30.207000,4165.155,4164.433,2250,2250
2021-04-22 01:16:31.646000,4165.146,4164.445,2250,4190
2021-04-22 01:16:31.697000,4165.361,4164.636,2250,2250
2021-04-22 01:16:31.807000,4165.158,4164.445,2250,4190
2021-04-22 01:16:31.857000,4165.164,4164.442,2250,2250
2021-04-22 01:16:34.249000,4164.949,4164.248,2250,4190
2021-04-22 01:16:34.299000,4164.955,4164.248,2250,2250
2021-04-22 01:16:34.411000,4164.851,4164.254,460,2250
2021-04-22 01:16:34.461000,4164.801,4164.136,2250,2250
2021-04-22 01:16:36.467000,4164.854,4164.245,460,2250
2021-04-22 01:16:36.517000,4164.958,4164.254,2250,2250
2021-04-22 01:16:36.629000,4164.954,4164.433,460,2250
2021-04-22 01:16:36.679000,4165.149,4164.451,2250,2250
2021-04-22 01:16:38.122000,4164.852,4164.145,2250,4190
2021-04-22 01:16:38.172000,4164.849,4164.154,2250,2250
2021-04-22 01:16:44.144000,4164.652,4163.999,2250,4190
2021-04-22 01:16:44.194000,4164.664,4163.945,2250,2250
2021-04-22 01:16:44.624000,4164.666,4164.151,460,2250
2021-04-22 01:16:44.674000,4164.852,4164.139,2250,2250
2021-04-22 01:16:58.491000,4164.658,4163.948,2250,4190
2021-04-22 01:16:58.542000,4164.667,4163.951,2250,2250
2021-04-22 01:16:59.647000,4164.346,4163.636,2250,4190
2021-04-22 01:16:59.698000,4164.352,4163.642,2250,2250
2021-04-22 01:16:59.808000,4164.36,4163.745,460,2250
2021-04-22 01:16:59.858000,4164.461,4163.739,2250,2250
2021-04-22 01:16:59.968000,4164.457,4163.954,460,2250
2021-04-22 01:17:00.018000,4164.664,4163.942,2250,2250
2021-04-22 01:17:01.462000,4164.349,4163.639,2250,2250
2021-04-22 01:17:02.364000,4164.348,4163.939,460,2250
2021-04-22 01:17:02.415000,4164.601,4163.942,2250,2250
2021-04-22 01:17:06.896000,4164.301,4163.639,2250,4190
2021-04-22 01:17:06.946000,4164.367,4163.648,2250,2250
2021-04-22 01:17:07.212000,4164.154,4163.633,460,2250
2021-04-22 01:17:07.263000,4164.167,4163.439,2250,2250
2021-04-22 01:17:09.689000,4164.148,4163.654,460,2250
2021-04-22 01:17:09.739000,4164.358,4163.699,2250,2250
2021-04-22 01:17:11.341000,4164.146,4163.439,2250,4190
2021-04-22 01:17:11.391000,4164.101,4163.442,2250,2250
2021-04-22 01:17:14.632000,4163.861,4163.151,2250,4190
2021-04-22 01:17:14.682000,4163.849,4163.199,2250,2250
2021-04-22 01:17:17.545000,4163.858,4163.136,2250,4190
2021-04-22 01:17:17.595000,4164.155,4163.439,2250,2250
2021-04-22 01:17:17.706000,4163.846,4163.142,2250,4190
2021-04-22 01:17:17.757000,4163.849,4163.142,2250,2250
2021-04-22 01:17:18.186000,4163.867,4163.199,2250,4190
2021-04-22 01:17:18.236000,4164.146,4163.445,2250,2250
2021-04-22 01:17:19.593000,4163.864,4163.154,2250,4190
2021-04-22 01:17:19.644000,4163.855,4163.148,2250,2250
2021-04-22 01:17:25.451000,4163.866,4163.436,460,2250
2021-04-22 01:17:25.502000,4164.167,4163.448,2250,2250
2021-04-22 01:17:27.385000,4163.864,4163.154,2250,4190
2021-04-22 01:17:27.435000,4163.864,4163.145,2250,2250
2021-04-22 01:17:28.088000,4163.803,4163.451,460,2250
2021-04-22 01:17:28.138000,4164.155,4163.445,2250,2250
2021-04-22 01:17:29.530000,4163.801,4163.145,2250,4190
2021-04-22 01:17:29.581000,4163.801,4163.199,2250,2250
