2021-04-26 00:00:00.231000,4174.758,4174.054,2250,4190
2021-04-26 00:00:00.281000,4175.001,4174.339,2250,2250
2021-04-26 00:00:01.902000,4175.101,4174.445,2250,2250
2021-04-26 00:00:02.075000,4175.001,4174.399,2250,2250
2021-04-26 00:00:02.228000,4175.001,4174.342,2250,4190
2021-04-26 00:00:02.278000,4175.258,4174.539,2250,2250
2021-04-26 00:00:02.394000,4175.049,4174.333,2250,2250
2021-04-26 00:00:02.708000,4175.001,4174.399,2250,4190
2021-04-26 00:00:02.758000,4175.261,4174.548,2250,2250
2021-04-26 00:00:02.875000,4175.066,4174.545,460,2250
2021-04-26 00:00:02.926000,4175.001,4174.351,2250,2250
2021-04-26 00:00:03.201000,4175.003,4174.545,460,2250
2021-04-26 00:00:03.251000,4175.255,4174.533,2250,2250
2021-04-26 00:00:03.358000,4175.046,4174.333,2250,2250
2021-04-26 00:00:03.552000,4175.264,4174.536,2250,2250
2021-04-26 00:00:07.038000,4175.257,4174.851,460,2250
2021-04-26 00:00:07.088000,4175.564,4174.854,2250,2250
2021-04-26 00:00:07.346000,4175.26,4174.836,460,2250
2021-04-26 00:00:07.396000,4175.264,4174.533,2250,2250
2021-04-26 00:00:08.005000,4175.263,4174.736,460,2250
2021-04-26 00:00:08.055000,4175.461,4174.754,2250,2250
2021-04-26 00:00:08.165000,4175.249,4174.551,2250,4190
2021-04-26 00:00:08.216000,4175.264,4174.539,2250,2250
2021-04-26 00:00:09.625000,4175.067,4174.333,2250,4190
2021-04-26 00:00:09.676000,4175.064,4174.342,2250,2250
2021-04-26 00:00:09.778000,4175.057,4174.439,460,2250
2021-04-26 00:00:09.829000,4175.161,4174.448,2250,2250
2021-04-26 00:00:09.940000,4175.148,4174.539,460,2250
2021-04-26 00:00:09.990000,4175.258,4174.536,2250,2250
2021-04-26 00:00:15.154000,4175.255,4174.554,2250,4190
2021-04-26 00:00:15.205000,4175.555,4174.899,2250,2250
2021-04-26 00:00:16.706000,4175.201,4174.545,2250,4190
2021-04-26 00:00:16.757000,4175.246,4174.536,2250,2250
2021-04-26 00:00:19.367000,4175.052,4174.342,2250,4190
2021-04-26 00:00:19.417000,4175.067,4174.333,2250,2250
2021-04-26 00:00:20.816000,4175.063,4174.539,460,2250
2021-04-26 00:00:20.867000,4175.249,4174.539,2250,2250
2021-04-26 00:00:21.669000,4175.058,4174.336,2250,4190
2021-04-26 00:00:21.719000,4175.067,4174.348,2250,2250
2021-04-26 00:00:22.637000,4175.054,4174.554,460,2250
2021-04-26 00:00:22.688000,4175.252,4174.599,2250,2250
2021-04-26 00:00:25.102000,4175.26,4174.836,460,2250
2021-04-26 00:00:25.152000,4175.501,4174.899,2250,2250
2021-04-26 00:00:28.987000,4175.546,4174.848,2250,4190
2021-04-26 00:00:29.037000,4175.752,4175.039,2250,2250
2021-04-26 00:00:31.498000,4175.549,4174.842,2250,4190
2021-04-26 00:00:31.548000,4175.558,4174.899,2250,2250
2021-04-26 00:00:32.577000,4175.551,4175.051,460,2250
2021-04-26 00:00:32.628000,4175.752,4175.042,2250,2250
2021-04-26 00:00:32.896000,4175.555,4174.842,2250,4190
2021-04-26 00:00:32.947000,4175.555,4174.842,2250,2250
2021-04-26 00:00:34.771000,4175.201,4174.548,2250,4190
2021-04-26 00:00:34.822000,4175.267,4174.539,2250,2250
2021-04-26 00:00:34.931000,4175.269,4174.839,460,2250
2021-04-26 00:00:34.981000,4175.549,4174.899,2250,2250
2021-04-26 00:00:35.091000,4175.264,4174.551,2250,4190
2021-04-26 00:00:35.141000,4175.264,4174.539,2250,2250
2021-04-26 00:00:39.565000,4175.055,4174.348,2250,4190
2021-04-26 00:00:39.615000,4175.064,4174.399,2250,2250
2021-04-26 00:00:45.025000,4174.751,4174.354,460,2250
2021-04-26 00:00:45.097000,4174.746,4174.051,2250,2250
2021-04-26 00:00:46.150000,4174.549,4173.833,2250,4190
2021-04-26 00:00:46.201000,4174.555,4173.842,2250,2250
2021-04-26 00:00:56.279000,4174.203,4173.839,460,2250
2021-04-26 00:00:56.330000,4174.264,4173.539,2250,2250
2021-04-26 00:01:05.270000,4174.067,4173.339,2250,4190
2021-04-26 00:01:05.321000,4174.064,4173.399,2250,2250
2021-04-26 00:01:08.478000,4173.749,4173.042,2250,4190
2021-04-26 00:01:08.528000,4173.746,4173.099,2250,2250
2021-04-26 00:01:08.973000,4173.766,4173.342,460,2250
2021-04-26 00:01:09.024000,4174.049,4173.399,2250,2250
2021-04-26 00:01:09.288000,4173.901,4173.299,2250,4190
2021-04-26 00:01:09.338000,4173.949,4173.299,2250,2250
2021-04-26 00:01:09.610000,4173.964,4173.248,2250,4190
2021-04-26 00:01:09.660000,4174.055,4173.354,2250,2250
2021-04-26 00:01:11.185000,4173.755,4173.039,2250,4190
2021-04-26 00:01:11.235000,4173.752,4173.099,2250,2250
2021-04-26 00:01:13.858000,4173.567,4172.845,2250,4190
2021-04-26 00:01:13.908000,4173.567,4172.833,2250,2250
2021-04-26 00:01:15.690000,4173.258,4172.599,2250,4190
2021-04-26 00:01:15.740000,4173.249,4172.533,2250,2250
2021-04-26 00:01:16.010000,4173.046,4172.399,2250,4190
2021-04-26 00:01:16.061000,4173.055,4172.399,2250,2250
2021-04-26 00:01:16.984000,4173.063,4172.542,460,2250
2021-04-26 00:01:17.035000,4173.249,4172.533,2250,2250
2021-04-26 00:01:17.934000,4173.064,4172.354,2250,4190
2021-04-26 00:01:17.984000,4173.055,4172.345,2250,2250
2021-04-26 00:01:19.617000,4173.046,4172.342,2250,4190
2021-04-26 00:01:19.667000,4173.264,4172.542,2250,2250
2021-04-26 00:01:21.239000,4173.101,4172.439,2250,4190
2021-04-26 00:01:21.292000,4173.146,4172.439,2250,2250
2021-04-26 00:01:21.560000,4173.046,4172.348,2250,4190
2021-04-26 00:01:21.611000,4173.049,4172.351,2250,2250
2021-04-26 00:01:22.698000,4173.057,4172.548,460,2250
2021-04-26 00:01:22.749000,4173.201,4172.554,2250,2250
2021-04-26 00:01:23.187000,4173.055,4172.345,2250,4190
2021-04-26 00:01:23.237000,4173.055,4172.336,2250,2250
2021-04-26 00:01:23.336000,4173.054,4172.548,460,2250
2021-04-26 00:01:23.387000,4173.255,4172.542,2250,2250
2021-04-26 00:01:26.880000,4173.064,4172.336,2250,4190
2021-04-26 00:01:26.930000,4173.064,4172.339,2250,2250
2021-04-26 00:01:27.051000,4173.057,4172.439,460,2250
2021-04-26 00:01:27.102000,4173.155,4172.439,2250,2250
2021-04-26 00:01:27.206000,4173.051,4172.436,460,2250
2021-04-26 00:01:27.256000,4173.058,4172.345,2250,2250
2021-04-26 00:01:28.767000,4172.754,4172.336,460,2250
2021-04-26 00:01:28.817000,4172.755,4172.036,2250,2250
2021-04-26 00:01:31.707000,4172.703,4172.345,460,2250
2021-04-26 00:01:31.757000,4173.001,4172.351,2250,2250
2021-04-26 00:01:32.031000,4172.758,4172.036,2250,4190
2021-04-26 00:01:32.081000,4172.749,4172.045,2250,2250
2021-04-26 00:01:32.630000,4172.703,4172.354,460,2250
2021-04-26 00:01:32.680000,4173.058,4172.339,2250,2250
2021-04-26 00:01:39.455000,4173.055,4172.345,2250,4190
2021-04-26 00:01:39.505000,4173.258,4172.536,2250,2250
2021-04-26 00:01:39.772000,4173.049,4172.342,2250,4190
2021-04-26 00:01:39.822000,4173.067,4172.336,2250,2250
2021-04-26 00:01:42.552000,4173.051,4172.536,460,2250
2021-04-26 00:01:42.603000,4173.201,4172.554,2250,2250
2021-04-26 00:01:43.566000,4173.251,4172.851,460,2250
2021-04-26 00:01:43.616000,4173.555,4172.854,2250,2250
2021-04-26 00:01:43.733000,4173.252,4172.545,2250,4190
2021-04-26 00:01:43.784000,4173.246,4172.536,2250,2250
2021-04-26 00:01:44.562000,4173.546,4172.851,2250,2250
2021-04-26 00:01:45.046000,4173.251,4172.842,460,2250
2021-04-26 00:01:45.096000,4173.246,4172.551,2250,2250
2021-04-26 00:01:45.607000,4173.26,4172.836,460,2250
2021-04-26 00:01:45.657000,4173.555,4172.836,2250,2250
2021-04-26 00:01:48.420000,4173.567,4172.845,2250,4190
2021-04-26 00:01:48.470000,4173.746,4173.036,2250,2250
2021-04-26 00:01:49.628000,4173.557,4173.036,460,2250
2021-04-26 00:01:49.679000,4173.558,4172.851,2250,2250
2021-04-26 00:01:49.942000,4173.548,4173.036,460,2250
2021-04-26 00:01:49.992000,4173.746,4173.036,2250,2250
2021-04-26 00:01:50.596000,4173.546,4172.848,2250,4190
2021-04-26 00:01:50.646000,4173.561,4172.839,2250,2250
2021-04-26 00:01:55.113000,4173.566,4173.099,460,2250
2021-04-26 00:01:55.163000,4173.752,4173.033,2250,2250
2021-04-26 00:01:55.283000,4173.551,4173.036,460,2250
2021-04-26 00:01:55.333000,4173.564,4172.842,2250,2250
2021-04-26 00:01:55.601000,4173.569,4173.045,460,2250
2021-04-26 00:01:55.652000,4173.758,4173.045,2250,2250
2021-04-26 00:01:55.970000,4173.546,4172.839,2250,4190
2021-04-26 00:01:56.021000,4173.546,4172.851,2250,2250
2021-04-26 00:01:57.561000,4173.563,4173.099,460,2250
2021-04-26 00:01:57.611000,4173.746,4173.045,2250,2250
2021-04-26 00:01:57.938000,4173.661,4172.939,2250,4190
2021-04-26 00:01:57.989000,4173.655,4172.942,2250,2250
2021-04-26 00:01:58.086000,4173.657,4173.099,460,2250
2021-04-26 00:01:58.136000,4173.749,4173.048,2250,2250
2021-04-26 00:02:02.602000,4173.569,4173.099,460,2250
2021-04-26 00:02:02.652000,4173.552,4172.845,2250,2250
2021-04-26 00:02:04.053000,4173.464,4172.733,2250,4190
2021-04-26 00:02:04.103000,4173.455,4172.799,2250,2250
2021-04-26 00:02:04.210000,4173.267,4172.539,2250,4190
2021-04-26 00:02:04.261000,4173.201,4172.539,2250,2250
2021-04-26 00:02:08.269000,4173.248,4172.899,460,2250
2021-04-26 00:02:08.319000,4173.555,4172.848,2250,2250
2021-04-26 00:02:10.347000,4173.56,4173.099,460,2250
2021-04-26 00:02:10.397000,4173.752,4173.042,2250,2250
2021-04-26 00:02:12.357000,4173.767,4173.039,2250,4190
2021-04-26 00:02:12.408000,4174.067,4173.339,2250,2250
2021-04-26 00:02:13.484000,4173.964,4173.242,2250,4190
2021-04-26 00:02:13.535000,4173.958,4173.233,2250,2250
2021-04-26 00:02:13.645000,4173.969,4173.348,460,2250
2021-04-26 00:02:13.695000,4174.001,4173.351,2250,2250
2021-04-26 00:02:16.082000,4173.76,4173.342,460,2250
2021-04-26 00:02:16.132000,4173.767,4173.042,2250,2250
2021-04-26 00:02:16.233000,4173.701,4173.045,2250,4190
2021-04-26 00:02:16.284000,4174.052,4173.399,2250,2250
2021-04-26 00:02:17.210000,4173.952,4173.236,2250,4190
2021-04-26 00:02:17.260000,4173.946,4173.239,2250,2250
2021-04-26 00:02:17.378000,4173.755,4173.054,2250,4190
2021-04-26 00:02:17.429000,4173.752,4173.033,2250,2250
2021-04-26 00:02:17.696000,4173.755,4173.039,2250,4190
2021-04-26 00:02:17.747000,4173.967,4173.248,2250,2250
2021-04-26 00:02:17.946000,4173.758,4173.048,2250,4190
2021-04-26 00:02:17.996000,4173.767,4173.042,2250,2250
2021-04-26 00:02:21.590000,4173.763,4173.348,460,2250
2021-04-26 00:02:21.640000,4174.058,4173.333,2250,2250
2021-04-26 00:02:35.108000,4173.761,4173.033,2250,4190
2021-04-26 00:02:35.158000,4173.746,4173.045,2250,2250
2021-04-26 00:02:40.637000,4173.758,4173.099,2250,4190
2021-04-26 00:02:40.687000,4174.064,4173.339,2250,2250
2021-04-26 00:02:41.975000,4173.767,4173.039,2250,4190
2021-04-26 00:02:42.025000,4173.758,4173.054,2250,2250
2021-04-26 00:02:44.151000,4173.764,4173.099,2250,4190
2021-04-26 00:02:44.201000,4173.946,4173.248,2250,2250
2021-04-26 00:02:44.566000,4173.767,4173.033,2250,4190
2021-04-26 00:02:44.617000,4173.764,4173.048,2250,2250
2021-04-26 00:02:45.423000,4174.055,4173.348,2250,2250
2021-04-26 00:02:49.455000,4174.058,4173.345,2250,4190
2021-04-26 00:02:49.505000,4174.249,4173.539,2250,2250
2021-04-26 00:02:51.864000,4174.251,4173.754,460,2250
2021-04-26 00:02:51.914000,4174.455,4173.745,2250,2250
2021-04-26 00:02:52.156000,4174.401,4173.742,2250,4190
2021-04-26 00:02:52.206000,4174.564,4173.899,2250,2250
2021-04-26 00:02:58.233000,4174.267,4173.539,2250,4190
2021-04-26 00:02:58.283000,4174.252,4173.533,2250,2250
2021-04-26 00:02:58.560000,4174.251,4173.839,460,2250
2021-04-26 00:02:58.611000,4174.567,4173.833,2250,2250
2021-04-26 00:03:00.193000,4174.258,4173.599,2250,4190
2021-04-26 00:03:00.243000,4174.267,4173.533,2250,2250
2021-04-26 00:03:02.339000,4174.055,4173.348,2250,4190
2021-04-26 00:03:02.389000,4174.061,4173.339,2250,2250
2021-04-26 00:03:03.469000,4174.001,4173.342,2250,4190
2021-04-26 00:03:03.519000,4174.161,4173.442,2250,2250
2021-04-26 00:03:03.628000,4174.169,4173.539,460,2250
2021-04-26 00:03:03.678000,4174.255,4173.536,2250,2250
2021-04-26 00:03:05.491000,4174.567,4173.899,2250,2250
2021-04-26 00:03:05.649000,4174.255,4173.539,2250,4190
2021-04-26 00:03:05.699000,4174.264,4173.554,2250,2250
2021-04-26 00:03:05.973000,4174.246,4173.536,2250,4190
2021-04-26 00:03:06.023000,4174.464,4173.748,2250,2250
2021-04-26 00:03:06.779000,4174.258,4173.554,2250,4190
2021-04-26 00:03:06.829000,4174.249,4173.548,2250,2250
2021-04-26 00:03:07.259000,4174.26,4173.842,460,2250
2021-04-26 00:03:07.309000,4174.564,4173.833,2250,2250
2021-04-26 00:03:07.913000,4174.258,4173.536,2250,4190
2021-04-26 00:03:07.963000,4174.255,4173.545,2250,2250
2021-04-26 00:03:12.255000,4174.055,4173.333,2250,4190
2021-04-26 00:03:12.305000,4174.067,4173.351,2250,2250
2021-04-26 00:03:12.404000,4174.063,4173.536,460,2250
2021-04-26 00:03:12.455000,4174.267,4173.539,2250,2250
2021-04-26 00:03:15.053000,4174.201,4173.539,2250,4190
2021-04-26 00:03:15.103000,4174.567,4173.899,2250,2250
2021-04-26 00:03:18.660000,4174.552,4173.899,2250,4190
2021-04-26 00:03:18.710000,4174.752,4174.039,2250,2250
2021-04-26 00:03:21.565000,4174.546,4173.899,2250,4190
2021-04-26 00:03:21.615000,4174.564,4173.899,2250,2250
2021-04-26 00:03:21.883000,4174.563,4174.033,460,2250
2021-04-26 00:03:21.934000,4174.752,4174.045,2250,2250
2021-04-26 00:03:22.045000,4174.661,4173.945,2250,4190
2021-04-26 00:03:22.095000,4174.661,4173.951,2250,2250
2021-04-26 00:03:22.373000,4174.567,4173.839,2250,4190
2021-04-26 00:03:22.423000,4174.501,4173.839,2250,2250
2021-04-26 00:03:29.900000,4174.554,4174.048,460,2250
2021-04-26 00:03:29.951000,4174.761,4174.042,2250,2250
2021-04-26 00:03:33.041000,4174.558,4173.839,2250,4190
2021-04-26 00:03:33.092000,4174.546,4173.836,2250,2250
2021-04-26 00:03:44.138000,4174.255,4173.548,2250,4190
2021-04-26 00:03:44.189000,4174.246,4173.548,2250,2250
2021-04-26 00:03:47.960000,4174.257,4173.751,460,2250
2021-04-26 00:03:48.010000,4174.467,4173.748,2250,2250
2021-04-26 00:03:48.372000,4174.252,4173.599,2250,4190
2021-04-26 00:03:48.423000,4174.261,4173.533,2250,2250
2021-04-26 00:03:48.531000,4174.266,4173.742,460,2250
2021-04-26 00:03:48.582000,4174.455,4173.799,2250,2250
2021-04-26 00:03:48.695000,4174.463,4173.833,460,2250
2021-04-26 00:03:48.746000,4174.549,4173.839,2250,2250
2021-04-26 00:03:50.530000,4174.566,4174.036,460,2250
2021-04-26 00:03:50.581000,4174.761,4174.051,2250,2250
2021-04-26 00:03:50.693000,4174.564,4173.854,2250,4190
2021-04-26 00:03:50.744000,4174.555,4173.899,2250,2250
2021-04-26 00:03:51.178000,4174.764,4174.048,2250,2250
2021-04-26 00:03:51.664000,4174.551,4174.054,460,2250
2021-04-26 00:03:51.714000,4174.549,4173.839,2250,2250
2021-04-26 00:03:59.185000,4174.567,4173.848,2250,4190
2021-04-26 00:03:59.235000,4174.767,4174.042,2250,2250
2021-04-26 00:03:59.791000,4174.567,4173.848,2250,4190
2021-04-26 00:03:59.841000,4174.549,4173.851,2250,2250
2021-04-26 00:04:05.017000,4174.566,4174.036,460,2250
2021-04-26 00:04:05.067000,4174.749,4174.033,2250,2250
2021-04-26 00:04:05.655000,4174.566,4174.048,460,2250
2021-04-26 00:04:05.706000,4174.561,4173.845,2250,2250
2021-04-26 00:04:10.286000,4174.569,4174.039,460,2250
2021-04-26 00:04:10.336000,4174.758,4174.036,2250,2250
2021-04-26 00:04:17.975000,4174.757,4174.339,460,2250
2021-04-26 00:04:18.025000,4175.052,4174.345,2250,2250
2021-04-26 00:04:25.197000,4175.048,4174.533,460,2250
2021-04-26 00:04:25.248000,4175.255,4174.551,2250,2250
2021-04-26 00:04:29.281000,4175.251,4174.842,460,2250
2021-04-26 00:04:29.332000,4175.552,4174.836,2250,2250
2021-04-26 00:04:29.437000,4175.261,4174.545,2250,4190
2021-04-26 00:04:29.487000,4175.264,4174.554,2250,2250
2021-04-26 00:04:29.606000,4175.249,4174.539,2250,4190
2021-04-26 00:04:29.656000,4175.552,4174.899,2250,2250
2021-04-26 00:04:32.431000,4175.246,4174.536,2250,4190
2021-04-26 00:04:32.482000,4175.264,4174.539,2250,2250
2021-04-26 00:04:34.091000,4175.266,4174.851,460,2250
2021-04-26 00:04:34.141000,4175.546,4174.848,2250,2250
2021-04-26 00:04:43.693000,4175.557,4175.054,460,2250
2021-04-26 00:04:43.743000,4175.746,4175.036,2250,2250
2021-04-26 00:04:44.230000,4175.667,4174.933,2250,4190
2021-04-26 00:04:44.280000,4175.646,4174.999,2250,2250
2021-04-26 00:04:44.390000,4175.555,4174.854,2250,4190
2021-04-26 00:04:44.441000,4175.567,4174.839,2250,2250
2021-04-26 00:04:56.042000,4175.503,4175.033,460,2250
2021-04-26 00:04:56.092000,4175.764,4175.048,2250,2250
2021-04-26 00:04:56.808000,4175.564,4174.848,2250,4190
2021-04-26 00:04:56.858000,4175.561,4174.899,2250,2250
2021-04-26 00:05:04.636000,4175.569,4175.036,460,2250
2021-04-26 00:05:04.687000,4175.746,4175.036,2250,2250
2021-04-26 00:05:17.943000,4175.555,4174.899,2250,4190
2021-04-26 00:05:17.994000,4175.558,4174.842,2250,2250
2021-04-26 00:05:18.106000,4175.551,4175.033,460,2250
2021-04-26 00:05:18.156000,4175.755,4175.036,2250,2250
2021-04-26 00:05:18.792000,4175.503,4175.039,460,2250
2021-04-26 00:05:18.842000,4175.564,4174.848,2250,2250
2021-04-26 00:05:19.155000,4175.561,4174.854,2250,4190
2021-04-26 00:05:19.205000,4175.664,4174.945,2250,2250
2021-04-26 00:05:19.315000,4175.654,4175.054,460,2250
2021-04-26 00:05:19.366000,4175.749,4175.048,2250,2250
2021-04-26 00:05:22.885000,4175.567,4174.845,2250,4190
2021-04-26 00:05:22.935000,4175.558,4174.836,2250,2250
2021-04-26 00:05:24.588000,4175.503,4174.936,460,2250
2021-04-26 00:05:24.639000,4175.661,4174.933,2250,2250
2021-04-26 00:05:24.747000,4175.666,4175.048,460,2250
2021-04-26 00:05:24.797000,4175.746,4175.039,2250,2250
2021-04-26 00:05:33.318000,4175.552,4174.845,2250,4190
2021-04-26 00:05:33.369000,4175.546,4174.839,2250,2250
2021-04-26 00:05:34.434000,4175.552,4174.851,2250,4190
2021-04-26 00:05:34.484000,4175.764,4175.054,2250,2250
2021-04-26 00:05:36.485000,4175.567,4174.845,2250,4190
2021-04-26 00:05:36.536000,4175.546,4174.848,2250,2250
2021-04-26 00:05:38.171000,4175.563,4175.036,460,2250
2021-04-26 00:05:38.221000,4175.764,4175.054,2250,2250
2021-04-26 00:05:39.506000,4175.501,4174.836,2250,4190
2021-04-26 00:05:39.556000,4175.561,4174.836,2250,2250
2021-04-26 00:05:40.772000,4175.548,4175.054,460,2250
2021-04-26 00:05:40.823000,4175.746,4175.051,2250,2250
2021-04-26 00:05:42.799000,4175.654,4175.099,460,2250
2021-04-26 00:05:42.849000,4175.661,4174.936,2250,2250
2021-04-26 00:05:43.231000,4175.669,4175.039,460,2250
2021-04-26 00:05:43.282000,4175.749,4175.036,2250,2250
2021-04-26 00:05:44.041000,4175.664,4174.954,2250,4190
2021-04-26 00:05:44.092000,4175.652,4174.999,2250,2250
2021-04-26 00:05:44.652000,4175.669,4175.051,460,2250
2021-04-26 00:05:44.703000,4175.758,4175.033,2250,2250
2021-04-26 00:05:54.258000,4175.754,4175.342,460,2250
2021-04-26 00:05:54.308000,4176.061,4175.339,2250,2250
2021-04-26 00:05:57.921000,4175.755,4175.048,2250,4190
2021-04-26 00:05:57.971000,4175.749,4175.048,2250,2250
2021-04-26 00:06:02.898000,4175.546,4174.899,2250,4190
2021-04-26 00:06:02.948000,4175.546,4174.899,2250,2250
2021-04-26 00:06:03.529000,4175.566,4175.054,460,2250
2021-04-26 00:06:03.580000,4175.755,4175.051,2250,2250
2021-04-26 00:06:03.850000,4175.561,4174.842,2250,4190
2021-04-26 00:06:03.901000,4175.501,4174.854,2250,2250
2021-04-26 00:06:07.035000,4175.554,4175.036,460,2250
2021-04-26 00:06:07.085000,4175.752,4175.036,2250,2250
2021-04-26 00:06:08.121000,4175.558,4174.851,2250,4190
2021-04-26 00:06:08.172000,4175.552,4174.839,2250,2250
2021-04-26 00:06:09.148000,4175.503,4175.051,460,2250
2021-04-26 00:06:09.198000,4175.767,4175.099,2250,2250
2021-04-26 00:06:13.719000,4175.561,4174.833,2250,4190
2021-04-26 00:06:13.769000,4175.549,4174.854,2250,2250
2021-04-26 00:06:21.288000,4175.551,4175.036,460,2250
2021-04-26 00:06:21.339000,4175.746,4175.042,2250,2250
2021-04-26 00:06:21.669000,4175.558,4174.833,2250,4190
2021-04-26 00:06:21.719000,4175.546,4174.848,2250,2250
2021-04-26 00:06:35.099000,4175.254,4174.839,460,2250
2021-04-26 00:06:35.150000,4175.201,4174.548,2250,2250
2021-04-26 00:06:36.325000,4175.269,4174.751,460,2250
2021-04-26 00:06:36.375000,4175.455,4174.799,2250,2250
2021-04-26 00:06:36.487000,4175.248,4174.754,460,2250
2021-04-26 00:06:36.538000,4175.201,4174.545,2250,2250
2021-04-26 00:06:45.797000,4175.064,4174.345,2250,4190
2021-04-26 00:06:45.848000,4175.064,4174.345,2250,2250
2021-04-26 00:06:50.813000,4175.066,4174.599,460,2250
2021-04-26 00:06:50.863000,4175.255,4174.536,2250,2250
2021-04-26 00:06:51.927000,4175.049,4174.354,2250,4190
2021-04-26 00:06:51.977000,4175.052,4174.399,2250,2250
2021-04-26 00:06:52.496000,4175.057,4174.533,460,2250
2021-04-26 00:06:52.547000,4175.261,4174.536,2250,2250
2021-04-26 00:06:52.904000,4175.064,4174.348,2250,4190
2021-04-26 00:06:52.954000,4175.055,4174.333,2250,2250
2021-04-26 00:06:53.508000,4175.048,4174.539,460,2250
2021-04-26 00:06:53.558000,4175.261,4174.551,2250,2250
2021-04-26 00:06:54.203000,4175.063,4174.539,460,2250
2021-04-26 00:06:54.254000,4175.064,4174.399,2250,2250
2021-04-26 00:06:54.686000,4175.049,4174.354,2250,4190
2021-04-26 00:06:54.736000,4175.252,4174.599,2250,2250
2021-04-26 00:07:00.879000,4175.063,4174.554,460,2250
2021-04-26 00:07:00.930000,4175.052,4174.345,2250,2250
2021-04-26 00:07:02.227000,4175.046,4174.399,2250,4190
2021-04-26 00:07:02.277000,4175.267,4174.548,2250,2250
2021-04-26 00:07:16.957000,4175.251,4174.845,460,2250
2021-04-26 00:07:17.008000,4175.555,4174.851,2250,2250
2021-04-26 00:07:17.116000,4175.254,4174.842,460,2250
2021-04-26 00:07:17.166000,4175.249,4174.551,2250,2250
2021-04-26 00:07:20.561000,4175.254,4174.854,460,2250
2021-04-26 00:07:20.611000,4175.546,4174.848,2250,2250
2021-04-26 00:07:20.711000,4175.269,4174.842,460,2250
2021-04-26 00:07:20.761000,4175.246,4174.545,2250,2250
2021-04-26 00:07:24.580000,4175.455,4174.754,2250,2250
2021-04-26 00:07:24.740000,4175.258,4174.539,2250,4190
2021-04-26 00:07:24.790000,4175.255,4174.533,2250,2250
2021-04-26 00:07:27.161000,4175.251,4174.799,460,2250
2021-04-26 00:07:27.212000,4175.455,4174.751,2250,2250
2021-04-26 00:07:27.315000,4175.448,4174.839,460,2250
2021-04-26 00:07:27.366000,4175.555,4174.845,2250,2250
2021-04-26 00:07:27.854000,4175.263,4174.899,460,2250
2021-04-26 00:07:27.904000,4175.261,4174.548,2250,2250
2021-04-26 00:07:28.014000,4175.261,4174.539,2250,4190
2021-04-26 00:07:28.064000,4175.561,4174.842,2250,2250
2021-04-26 00:07:41.863000,4175.246,4174.554,2250,4190
2021-04-26 00:07:41.914000,4175.249,4174.545,2250,2250
2021-04-26 00:07:48.485000,4175.046,4174.336,2250,4190
2021-04-26 00:07:48.536000,4175.061,4174.351,2250,2250
2021-04-26 00:07:49.910000,4175.063,4174.548,460,2250
2021-04-26 00:07:49.961000,4175.264,4174.548,2250,2250
2021-04-26 00:07:59.216000,4175.257,4174.854,460,2250
2021-04-26 00:07:59.266000,4175.558,4174.848,2250,2250
2021-04-26 00:08:09.522000,4175.758,4175.099,2250,2250
2021-04-26 00:08:17.285000,4175.757,4175.333,460,2250
2021-04-26 00:08:17.335000,4176.067,4175.399,2250,2250
2021-04-26 00:08:18.462000,4175.752,4175.045,2250,4190
2021-04-26 00:08:18.513000,4175.752,4175.051,2250,2250
2021-04-26 00:08:24.058000,4175.501,4174.839,2250,4190
2021-04-26 00:08:24.108000,4175.546,4174.833,2250,2250
2021-04-26 00:08:32.071000,4175.461,4174.754,2250,4190
2021-04-26 00:08:32.122000,4175.401,4174.751,2250,2250
2021-04-26 00:08:32.235000,4175.246,4174.536,2250,4190
2021-04-26 00:08:32.285000,4175.258,4174.545,2250,2250
2021-04-26 00:08:32.556000,4175.254,4174.842,460,2250
2021-04-26 00:08:32.606000,4175.501,4174.848,2250,2250
2021-04-26 00:08:32.992000,4175.452,4174.742,2250,4190
2021-04-26 00:08:33.043000,4175.452,4174.799,2250,2250
2021-04-26 00:08:33.153000,4175.267,4174.554,2250,4190
2021-04-26 00:08:33.203000,4175.246,4174.545,2250,2250
2021-04-26 00:08:33.314000,4175.26,4174.833,460,2250
2021-04-26 00:08:33.365000,4175.561,4174.854,2250,2250
2021-04-26 00:08:34.680000,4175.251,4174.833,460,2250
2021-04-26 00:08:34.730000,4175.261,4174.554,2250,2250
2021-04-26 00:08:35.500000,4175.255,4174.599,2250,4190
2021-04-26 00:08:35.551000,4175.561,4174.899,2250,2250
2021-04-26 00:08:43.463000,4175.566,4175.054,460,2250
2021-04-26 00:08:43.513000,4175.701,4175.036,2250,2250
2021-04-26 00:08:43.982000,4175.549,4174.836,2250,4190
2021-04-26 00:08:44.032000,4175.567,4174.848,2250,2250
2021-04-26 00:08:44.147000,4175.56,4174.999,460,2250
2021-04-26 00:08:44.197000,4175.649,4174.999,2250,2250
2021-04-26 00:08:44.313000,4175.564,4174.848,2250,4190
2021-04-26 00:08:44.363000,4175.552,4174.845,2250,2250
2021-04-26 00:08:44.466000,4175.563,4175.039,460,2250
2021-04-26 00:08:44.517000,4175.764,4175.036,2250,2250
2021-04-26 00:08:44.787000,4175.661,4174.936,2250,4190
2021-04-26 00:08:44.837000,4175.667,4174.945,2250,2250
2021-04-26 00:08:45.082000,4175.558,4174.854,2250,4190
2021-04-26 00:08:45.132000,4175.561,4174.839,2250,2250
2021-04-26 00:08:46.244000,4175.566,4175.048,460,2250
2021-04-26 00:08:46.295000,4175.761,4175.048,2250,2250
2021-04-26 00:09:05.543000,4175.757,4175.354,460,2250
2021-04-26 00:09:05.593000,4176.061,4175.336,2250,2250
2021-04-26 00:09:10.405000,4175.957,4175.339,460,2250
2021-04-26 00:09:10.455000,4175.952,4175.254,2250,2250
2021-04-26 00:09:11.589000,4175.763,4175.248,460,2250
2021-04-26 00:09:11.640000,4175.752,4175.039,2250,2250
2021-04-26 00:09:28.065000,4175.561,4174.854,2250,4190
2021-04-26 00:09:28.115000,4175.549,4174.899,2250,2250
2021-04-26 00:09:31.204000,4175.501,4174.842,2250,4190
2021-04-26 00:09:31.255000,4175.752,4175.054,2250,2250
2021-04-26 00:09:33.036000,4175.555,4174.836,2250,4190
2021-04-26 00:09:33.086000,4175.546,4174.854,2250,2250
2021-04-26 00:09:33.199000,4175.503,4175.036,460,2250
2021-04-26 00:09:33.250000,4175.764,4175.042,2250,2250
2021-04-26 00:09:33.601000,4175.652,4174.999,2250,4190
2021-04-26 00:09:33.651000,4175.664,4174.945,2250,2250
2021-04-26 00:09:33.751000,4175.657,4175.045,460,2250
2021-04-26 00:09:33.802000,4175.764,4175.099,2250,2250
2021-04-26 00:09:35.128000,4175.76,4175.333,460,2250
2021-04-26 00:09:35.178000,4176.064,4175.354,2250,2250
2021-04-26 00:09:39.775000,4175.764,4175.048,2250,4190
2021-04-26 00:09:39.825000,4175.701,4175.051,2250,2250
2021-04-26 00:09:55.871000,4175.667,4174.948,2250,4190
2021-04-26 00:09:55.921000,4175.649,4174.936,2250,2250
2021-04-26 00:09:56.030000,4175.666,4175.039,460,2250
2021-04-26 00:09:56.081000,4175.755,4175.054,2250,2250
2021-04-26 00:09:59.532000,4175.769,4175.548,460,2250
2021-04-26 00:09:59.583000,4176.249,4175.533,2250,2250
2021-04-26 00:10:16.456000,4176.263,4175.848,460,2250
2021-04-26 00:10:16.506000,4176.555,4175.848,2250,2250
2021-04-26 00:10:18.312000,4176.201,4175.551,2250,4190
2021-04-26 00:10:18.363000,4176.201,4175.539,2250,2250
2021-04-26 00:10:22.670000,4176.264,4175.533,2250,4190
2021-04-26 00:10:22.720000,4176.558,4175.848,2250,2250
2021-04-26 00:10:40.690000,4176.251,4175.848,460,2250
2021-04-26 00:10:40.740000,4176.252,4175.599,2250,2250
2021-04-26 00:10:41.949000,4176.257,4175.899,460,2250
2021-04-26 00:10:42.000000,4176.567,4175.833,2250,2250
2021-04-26 00:10:43.714000,4176.255,4175.551,2250,4190
2021-04-26 00:10:43.765000,4176.255,4175.551,2250,2250
2021-04-26 00:10:44.125000,4176.203,4175.851,460,2250
2021-04-26 00:10:44.176000,4176.558,4175.845,2250,2250
2021-04-26 00:10:44.455000,4176.449,4175.748,2250,4190
2021-04-26 00:10:44.505000,4176.401,4175.799,2250,2250
2021-04-26 00:10:45.099000,4176.258,4175.599,2250,4190
2021-04-26 00:10:45.149000,4176.267,4175.545,2250,2250
2021-04-26 00:10:47.365000,4176.254,4175.839,460,2250
2021-04-26 00:10:47.415000,4176.555,4175.899,2250,2250
2021-04-26 00:10:48.879000,4176.463,4175.851,460,2250
2021-04-26 00:10:48.929000,4176.464,4175.739,2250,2250
2021-04-26 00:10:49.194000,4176.463,4175.848,460,2250
2021-04-26 00:10:49.244000,4176.549,4175.839,2250,2250
2021-04-26 00:11:17.348000,4176.554,4176.033,460,2250
2021-04-26 00:11:17.398000,4176.761,4176.033,2250,2250
2021-04-26 00:11:18.603000,4176.549,4175.848,2250,4190
2021-04-26 00:11:18.653000,4176.567,4175.899,2250,2250
2021-04-26 00:12:15.522000,4176.554,4176.036,460,2250
2021-04-26 00:12:15.573000,4176.746,4176.099,2250,2250
2021-04-26 00:12:31.142000,4176.501,4175.839,2250,4190
2021-04-26 00:12:31.193000,4176.501,4175.899,2250,2250
2021-04-26 00:12:47.373000,4176.258,4175.554,2250,4190
2021-04-26 00:12:47.423000,4176.252,4175.533,2250,2250
2021-04-26 00:13:03.951000,4176.248,4175.833,460,2250
2021-04-26 00:13:04.001000,4176.567,4175.854,2250,2250
2021-04-26 00:13:08.487000,4176.249,4175.542,2250,4190
2021-04-26 00:13:08.537000,4176.246,4175.548,2250,2250
2021-04-26 00:13:08.815000,4176.258,4175.548,2250,4190
2021-04-26 00:13:08.865000,4176.558,4175.842,2250,2250
2021-04-26 00:13:12.045000,4176.267,4175.551,2250,4190
2021-04-26 00:13:12.095000,4176.261,4175.539,2250,2250
2021-04-26 00:13:14.524000,4176.267,4175.554,2250,4190
2021-04-26 00:13:14.574000,4176.501,4175.836,2250,2250
2021-04-26 00:13:15.782000,4176.258,4175.542,2250,4190
2021-04-26 00:13:15.832000,4176.246,4175.533,2250,2250
2021-04-26 00:13:28.255000,4176.069,4175.533,460,2250
2021-04-26 00:13:28.305000,4176.046,4175.345,2250,2250
2021-04-26 00:13:28.409000,4175.769,4175.354,460,2250
2021-04-26 00:13:28.459000,4175.749,4175.048,2250,2250
2021-04-26 00:13:29.855000,4175.569,4175.048,460,2250
2021-04-26 00:13:29.905000,4175.501,4174.854,2250,2250
2021-04-26 00:13:35.441000,4175.557,4174.939,460,2250
2021-04-26 00:13:35.491000,4175.652,4174.951,2250,2250
2021-04-26 00:13:35.678000,4175.658,4174.999,2250,4190
2021-04-26 00:13:35.729000,4175.761,4175.099,2250,2250
2021-04-26 00:13:39.233000,4175.601,4174.942,2250,4190
2021-04-26 00:13:39.283000,4175.655,4174.948,2250,2250
2021-04-26 00:13:39.405000,4175.666,4175.048,460,2250
2021-04-26 00:13:39.455000,4175.755,4175.051,2250,2250
2021-04-26 00:13:41.710000,4175.548,4175.099,460,2250
2021-04-26 00:13:41.760000,4175.567,4174.842,2250,2250
2021-04-26 00:13:41.868000,4175.563,4174.948,460,2250
2021-04-26 00:13:41.918000,4175.601,4174.933,2250,2250
2021-04-26 00:13:42.191000,4175.601,4174.933,2250,4190
2021-04-26 00:13:42.241000,4175.761,4175.036,2250,2250
2021-04-26 00:13:42.350000,4175.561,4174.839,2250,4190
2021-04-26 00:13:42.400000,4175.552,4174.836,2250,2250
2021-04-26 00:13:42.517000,4175.563,4174.945,460,2250
2021-04-26 00:13:42.568000,4175.649,4174.942,2250,2250
2021-04-26 00:13:42.680000,4175.569,4174.936,460,2250
2021-04-26 00:13:42.730000,4175.501,4174.848,2250,2250
2021-04-26 00:13:58.724000,4175.56,4175.045,460,2250
2021-04-26 00:13:58.774000,4175.761,4175.042,2250,2250
2021-04-26 00:14:09.941000,4175.761,4175.045,2250,4190
2021-04-26 00:14:09.991000,4176.052,4175.339,2250,2250
2021-04-26 00:14:19.286000,4176.058,4175.339,2250,4190
2021-04-26 00:14:19.336000,4176.201,4175.533,2250,2250
2021-04-26 00:14:22.024000,4176.257,4175.848,460,2250
2021-04-26 00:14:22.075000,4176.546,4175.836,2250,2250
2021-04-26 00:14:23.213000,4176.554,4176.033,460,2250
2021-04-26 00:14:23.264000,4176.761,4176.045,2250,2250
2021-04-26 00:14:33.911000,4176.546,4175.833,2250,4190
2021-04-26 00:14:33.962000,4176.552,4175.854,2250,2250
2021-04-26 00:14:34.069000,4176.567,4175.851,2250,4190
2021-04-26 00:14:34.120000,4176.749,4176.048,2250,2250
2021-04-26 00:14:34.552000,4176.655,4175.933,2250,4190
2021-04-26 00:14:34.602000,4176.646,4175.999,2250,2250
2021-04-26 00:14:34.713000,4176.555,4175.833,2250,4190
2021-04-26 00:14:34.764000,4176.546,4175.854,2250,2250
2021-04-26 00:14:35.260000,4176.557,4176.051,460,2250
2021-04-26 00:14:35.310000,4176.701,4176.099,2250,2250
2021-04-26 00:14:59.953000,4176.567,4175.899,2250,4190
2021-04-26 00:15:00.003000,4176.564,4175.848,2250,2250
2021-04-26 00:15:01.113000,4176.503,4176.051,460,2250
2021-04-26 00:15:01.163000,4176.764,4176.099,2250,2250
2021-04-26 00:15:01.430000,4176.501,4175.851,2250,4190
2021-04-26 00:15:01.481000,4176.546,4175.842,2250,2250
2021-04-26 00:15:04.266000,4176.557,4176.048,460,2250
2021-04-26 00:15:04.316000,4176.758,4176.042,2250,2250
2021-04-26 00:15:05.517000,4176.561,4175.851,2250,4190
2021-04-26 00:15:05.568000,4176.546,4175.848,2250,2250
2021-04-26 00:15:07.879000,4176.56,4176.048,460,2250
2021-04-26 00:15:07.929000,4176.761,4176.048,2250,2250
2021-04-26 00:15:19.968000,4176.552,4175.854,2250,4190
2021-04-26 00:15:20.019000,4176.552,4175.842,2250,2250
2021-04-26 00:15:20.782000,4176.563,4176.039,460,2250
2021-04-26 00:15:20.833000,4176.767,4176.051,2250,2250
2021-04-26 00:15:23.168000,4176.655,4175.933,2250,4190
2021-04-26 00:15:23.218000,4176.646,4175.951,2250,2250
2021-04-26 00:15:23.491000,4176.564,4175.842,2250,4190
2021-04-26 00:15:23.541000,4176.501,4175.845,2250,2250
2021-04-26 00:15:24.806000,4176.655,4175.945,2250,2250
2021-04-26 00:15:24.955000,4176.655,4175.939,2250,4190
2021-04-26 00:15:25.005000,4176.761,4176.036,2250,2250
2021-04-26 00:15:40.463000,4176.567,4175.833,2250,4190
2021-04-26 00:15:40.513000,4176.549,4175.845,2250,2250
2021-04-26 00:15:43.716000,4176.252,4175.536,2250,4190
2021-04-26 00:15:43.766000,4176.255,4175.533,2250,2250
2021-04-26 00:15:44.999000,4176.248,4175.839,460,2250
2021-04-26 00:15:45.049000,4176.552,4175.854,2250,2250
2021-04-26 00:15:48.077000,4176.246,4175.554,2250,4190
2021-04-26 00:15:48.128000,4176.252,4175.548,2250,2250
2021-04-26 00:15:57.046000,4176.267,4175.539,2250,4190
2021-04-26 00:15:57.096000,4176.501,4175.899,2250,2250
2021-04-26 00:16:01.272000,4176.557,4175.951,460,2250
2021-04-26 00:16:01.322000,4176.652,4175.945,2250,2250
2021-04-26 00:16:01.433000,4176.564,4175.854,2250,4190
2021-04-26 00:16:01.484000,4176.549,4175.836,2250,2250
2021-04-26 00:16:02.349000,4176.56,4176.099,460,2250
2021-04-26 00:16:02.399000,4176.752,4176.042,2250,2250
2021-04-26 00:16:03.279000,4176.555,4175.848,2250,4190
2021-04-26 00:16:03.329000,4176.561,4175.851,2250,2250
2021-04-26 00:16:04.670000,4176.548,4175.945,460,2250
2021-04-26 00:16:04.720000,4176.655,4175.945,2250,2250
2021-04-26 00:16:04.826000,4176.564,4175.836,2250,4190
2021-04-26 00:16:04.876000,4176.567,4175.833,2250,2250
2021-04-26 00:16:28.542000,4176.563,4176.054,460,2250
2021-04-26 00:16:28.592000,4176.758,4176.048,2250,2250
2021-04-26 00:16:41.275000,4176.758,4176.036,2250,4190
2021-04-26 00:16:41.326000,4177.061,4176.351,2250,2250
2021-04-26 00:16:50.655000,4176.758,4176.051,2250,4190
2021-04-26 00:16:50.705000,4176.761,4176.033,2250,2250
2021-04-26 00:16:55.814000,4176.76,4176.399,460,2250
2021-04-26 00:16:55.864000,4177.061,4176.399,2250,2250
2021-04-26 00:16:56.768000,4176.758,4176.048,2250,4190
2021-04-26 00:16:56.818000,4176.758,4176.048,2250,2250
2021-04-26 00:17:02.140000,4176.748,4176.354,460,2250
2021-04-26 00:17:02.191000,4177.049,4176.342,2250,2250
2021-04-26 00:17:06.630000,4177.063,4176.542,460,2250
2021-04-26 00:17:06.680000,4177.264,4176.536,2250,2250
2021-04-26 00:17:15.661000,4177.001,4176.339,2250,4190
2021-04-26 00:17:15.712000,4177.052,4176.339,2250,2250
2021-04-26 00:17:20.020000,4177.267,4176.536,2250,2250
2021-04-26 00:17:21.416000,4177.067,4176.354,2250,4190
2021-04-26 00:17:21.466000,4177.058,4176.339,2250,2250
2021-04-26 00:17:29.254000,4177.051,4176.536,460,2250
2021-04-26 00:17:29.304000,4177.249,4176.542,2250,2250
2021-04-26 00:17:34.930000,4177.061,4176.333,2250,4190
2021-04-26 00:17:34.981000,4177.001,4176.339,2250,2250
2021-04-26 00:17:47.090000,4177.051,4176.551,460,2250
2021-04-26 00:17:47.141000,4177.258,4176.539,2250,2250
2021-04-26 00:17:47.607000,4177.055,4176.342,2250,4190
2021-04-26 00:17:47.658000,4177.061,4176.339,2250,2250
2021-04-26 00:17:52.898000,4176.955,4176.242,2250,4190
2021-04-26 00:17:52.948000,4176.955,4176.242,2250,2250
2021-04-26 00:17:53.059000,4176.966,4176.345,460,2250
2021-04-26 00:17:53.110000,4177.055,4176.345,2250,2250
2021-04-26 00:18:01.577000,4176.755,4176.039,2250,4190
2021-04-26 00:18:01.628000,4176.767,4176.099,2250,2250
2021-04-26 00:18:02.405000,4176.766,4176.333,460,2250
2021-04-26 00:18:02.455000,4177.001,4176.336,2250,2250
2021-04-26 00:18:09.583000,4176.761,4176.039,2250,4190
2021-04-26 00:18:09.633000,4176.761,4176.051,2250,2250
2021-04-26 00:18:43.799000,4176.76,4176.354,460,2250
2021-04-26 00:18:43.849000,4177.001,4176.342,2250,2250
2021-04-26 00:19:11.388000,4176.746,4176.042,2250,4190
2021-04-26 00:19:11.438000,4176.755,4176.051,2250,2250
2021-04-26 00:19:15.751000,4176.767,4176.099,2250,4190
2021-04-26 00:19:15.801000,4177.064,4176.351,2250,2250
2021-04-26 00:19:16.383000,4176.761,4176.099,2250,4190
2021-04-26 00:19:16.434000,4176.761,4176.099,2250,2250
2021-04-26 00:19:22.120000,4176.549,4175.854,2250,4190
2021-04-26 00:19:22.170000,4176.561,4175.839,2250,2250
2021-04-26 00:19:38.691000,4176.258,4175.548,2250,4190
2021-04-26 00:19:38.741000,4176.264,4175.599,2250,2250
2021-04-26 00:20:00.498000,4176.257,4175.842,460,2250
2021-04-26 00:20:00.548000,4176.564,4175.833,2250,2250
2021-04-26 00:20:28.911000,4176.258,4175.548,2250,4190
2021-04-26 00:20:28.961000,4176.264,4175.548,2250,2250
2021-04-26 00:20:29.233000,4176.251,4175.845,460,2250
2021-04-26 00:20:29.284000,4176.567,4175.833,2250,2250
2021-04-26 00:20:30.620000,4176.252,4175.599,2250,4190
2021-04-26 00:20:30.670000,4176.264,4175.548,2250,2250
2021-04-26 00:20:31.786000,4176.266,4175.854,460,2250
2021-04-26 00:20:31.836000,4176.561,4175.845,2250,2250
2021-04-26 00:20:40.390000,4176.249,4175.554,2250,4190
2021-04-26 00:20:40.440000,4176.264,4175.599,2250,2250
2021-04-26 00:20:41.049000,4176.246,4175.599,2250,4190
2021-04-26 00:20:41.100000,4176.461,4175.739,2250,2250
2021-04-26 00:20:41.355000,4176.254,4175.754,460,2250
2021-04-26 00:20:41.406000,4176.261,4175.533,2250,2250
2021-04-26 00:20:42.196000,4176.203,4175.742,460,2250
2021-04-26 00:20:42.247000,4176.401,4175.751,2250,2250
2021-04-26 00:20:42.875000,4176.448,4175.842,460,2250
2021-04-26 00:20:42.925000,4176.561,4175.899,2250,2250
2021-04-26 00:21:28.758000,4176.503,4176.045,460,2250
2021-04-26 00:21:28.809000,4176.764,4176.054,2250,2250
2021-04-26 00:21:36.142000,4176.76,4176.248,460,2250
2021-04-26 00:21:36.192000,4176.901,4176.233,2250,2250
2021-04-26 00:21:36.302000,4176.969,4176.354,460,2250
2021-04-26 00:21:36.353000,4177.049,4176.348,2250,2250
2021-04-26 00:21:40.372000,4176.761,4176.099,2250,4190
2021-04-26 00:21:40.422000,4176.758,4176.054,2250,2250
2021-04-26 00:21:41.447000,4176.751,4176.345,460,2250
2021-04-26 00:21:41.497000,4177.067,4176.348,2250,2250
2021-04-26 00:21:42.770000,4176.758,4176.045,2250,4190
2021-04-26 00:21:42.820000,4176.701,4176.054,2250,2250
2021-04-26 00:21:42.924000,4176.754,4176.351,460,2250
2021-04-26 00:21:42.974000,4177.001,4176.336,2250,2250
2021-04-26 00:21:43.596000,4176.761,4176.054,2250,4190
2021-04-26 00:21:43.646000,4176.764,4176.042,2250,2250
2021-04-26 00:22:00.088000,4176.748,4176.345,460,2250
2021-04-26 00:22:00.138000,4177.046,4176.354,2250,2250
2021-04-26 00:22:01.626000,4176.758,4176.048,2250,4190
2021-04-26 00:22:01.676000,4176.758,4176.051,2250,2250
2021-04-26 00:22:04.057000,4176.766,4176.399,460,2250
2021-04-26 00:22:04.108000,4177.067,4176.348,2250,2250
2021-04-26 00:22:11.202000,4176.746,4176.048,2250,4190
2021-04-26 00:22:11.253000,4176.749,4176.099,2250,2250
2021-04-26 00:22:11.524000,4176.748,4176.399,460,2250
2021-04-26 00:22:11.575000,4177.052,4176.354,2250,2250
2021-04-26 00:23:23.862000,4177.066,4176.533,460,2250
2021-04-26 00:23:23.912000,4177.249,4176.545,2250,2250
2021-04-26 00:24:02.370000,4177.052,4176.336,2250,4190
2021-04-26 00:24:02.420000,4177.046,4176.345,2250,2250
2021-04-26 00:24:29.665000,4177.067,4176.339,2250,4190
2021-04-26 00:24:29.715000,4177.255,4176.539,2250,2250
2021-04-26 00:24:49.927000,4177.058,4176.351,2250,4190
2021-04-26 00:24:49.978000,4177.052,4176.354,2250,2250
2021-04-26 00:24:55.798000,4177.057,4176.554,460,2250
2021-04-26 00:24:55.849000,4177.261,4176.548,2250,2250
2021-04-26 00:24:56.521000,4177.067,4176.342,2250,4190
2021-04-26 00:24:56.571000,4177.049,4176.345,2250,2250
2021-04-26 00:25:01.583000,4177.061,4176.399,2250,4190
2021-04-26 00:25:01.634000,4177.201,4176.551,2250,2250
2021-04-26 00:25:09.648000,4177.258,4176.533,2250,4190
2021-04-26 00:25:09.698000,4177.552,4176.851,2250,2250
2021-04-26 00:25:17.909000,4177.246,4176.533,2250,4190
2021-04-26 00:25:17.959000,4177.255,4176.533,2250,2250
2021-04-26 00:25:19.212000,4177.248,4176.833,460,2250
2021-04-26 00:25:19.263000,4177.561,4176.848,2250,2250
2021-04-26 00:25:33.460000,4177.56,4177.033,460,2250
2021-04-26 00:25:33.511000,4177.746,4177.042,2250,2250
2021-04-26 00:25:48.912000,4177.567,4176.842,2250,4190
2021-04-26 00:25:48.962000,4177.555,4176.833,2250,2250
2021-04-26 00:25:57.384000,4178.246,4177.599,2250,2250
2021-04-26 00:25:57.497000,4178.752,4178.042,2250,2250
2021-04-26 00:25:57.766000,4178.501,4177.899,2250,4190
2021-04-26 00:25:57.816000,4178.546,4177.899,2250,2250
2021-04-26 00:26:03.280000,4178.555,4177.833,2250,4190
2021-04-26 00:26:03.330000,4178.646,4177.936,2250,2250
2021-04-26 00:26:03.440000,4178.552,4177.836,2250,4190
2021-04-26 00:26:03.491000,4178.561,4177.899,2250,2250
2021-04-26 00:26:12.274000,4178.566,4178.051,460,2250
2021-04-26 00:26:12.324000,4178.761,4178.099,2250,2250
2021-04-26 00:26:28.767000,4178.754,4178.536,460,2250
2021-04-26 00:26:28.818000,4179.267,4178.542,2250,2250
2021-04-26 00:26:32.356000,4179.067,4178.345,2250,4190
2021-04-26 00:26:32.407000,4179.061,4178.333,2250,2250
2021-04-26 00:26:32.679000,4179.06,4178.551,460,2250
2021-04-26 00:26:32.729000,4179.258,4178.551,2250,2250
2021-04-26 00:26:51.781000,4179.263,4178.851,460,2250
2021-04-26 00:26:51.831000,4179.555,4178.848,2250,2250
2021-04-26 00:27:03.408000,4179.255,4178.533,2250,4190
2021-04-26 00:27:03.459000,4179.261,4178.551,2250,2250
2021-04-26 00:27:11.093000,4179.061,4178.339,2250,4190
2021-04-26 00:27:11.144000,4179.064,4178.351,2250,2250
2021-04-26 00:27:36.794000,4178.766,4178.333,460,2250
2021-04-26 00:27:36.844000,4178.767,4178.033,2250,2250
2021-04-26 00:28:00.363000,4178.764,4178.054,2250,4190
2021-04-26 00:28:00.413000,4179.049,4178.336,2250,2250
2021-04-26 00:28:00.687000,4178.752,4178.042,2250,4190
2021-04-26 00:28:00.737000,4178.764,4178.042,2250,2250
2021-04-26 00:28:01.008000,4178.749,4178.045,2250,4190
2021-04-26 00:28:01.058000,4179.052,4178.342,2250,2250
2021-04-26 00:28:53.331000,4178.701,4178.033,2250,4190
2021-04-26 00:28:53.381000,4178.767,4178.036,2250,2250
2021-04-26 00:29:29.743000,4178.501,4177.851,2250,4190
2021-04-26 00:29:29.793000,4178.552,4177.836,2250,2250
2021-04-26 00:29:56.261000,4178.203,4177.899,460,2250
2021-04-26 00:29:56.311000,4178.261,4177.551,2250,2250
2021-04-26 00:29:59.428000,4178.266,4177.543,460,1190
2021-04-26 00:29:59.479000,4178.564,4177.839,2250,2250
2021-04-26 00:30:00.734000,4178.566,4178.042,460,2250
2021-04-26 00:30:00.784000,4178.701,4178.042,2250,2250
2021-04-26 00:30:00.898000,4178.669,4178.042,460,2250
2021-04-26 00:30:00.948000,4178.661,4177.999,2250,2250
2021-04-26 00:30:01.055000,4178.501,4177.842,2250,4190
2021-04-26 00:30:01.105000,4178.567,4177.854,2250,2250
2021-04-26 00:30:07.900000,4178.503,4178.054,460,2250
2021-04-26 00:30:07.950000,4178.746,4178.051,2250,2250
2021-04-26 00:31:06.375000,4178.56,4178.099,460,2250
2021-04-26 00:31:06.425000,4178.558,4177.848,2250,2250
2021-04-26 00:31:06.533000,4178.201,4177.551,2250,2250
2021-04-26 00:31:07.708000,4178.248,4177.833,460,2250
2021-04-26 00:31:07.759000,4178.546,4177.833,2250,2250
2021-04-26 00:31:08.353000,4178.252,4177.539,2250,4190
2021-04-26 00:31:08.403000,4178.264,4177.545,2250,2250
2021-04-26 00:31:12.714000,4178.257,4177.845,460,2250
2021-04-26 00:31:12.765000,4178.549,4177.845,2250,2250
2021-04-26 00:31:14.738000,4178.246,4177.548,2250,4190
2021-04-26 00:31:14.789000,4178.252,4177.533,2250,2250
2021-04-26 00:31:22.623000,4178.257,4177.836,460,2250
2021-04-26 00:31:22.673000,4178.549,4177.899,2250,2250
2021-04-26 00:31:23.987000,4178.26,4177.833,460,2250
2021-04-26 00:31:24.038000,4178.264,4177.554,2250,2250
2021-04-26 00:31:29.879000,4178.264,4177.539,2250,4190
2021-04-26 00:31:29.930000,4178.546,4177.845,2250,2250
2021-04-26 00:31:45.834000,4178.446,4177.799,2250,4190
2021-04-26 00:31:45.885000,4178.452,4177.754,2250,2250
2021-04-26 00:31:46.195000,4178.448,4177.845,460,2250
2021-04-26 00:31:46.246000,4178.552,4177.899,2250,2250
2021-04-26 00:31:50.910000,4178.255,4177.542,2250,4190
2021-04-26 00:31:50.961000,4178.267,4177.536,2250,2250
2021-04-26 00:31:56.867000,4178.254,4177.733,460,2250
2021-04-26 00:31:56.918000,4178.455,4177.799,2250,2250
2021-04-26 00:31:57.028000,4178.246,4177.548,2250,4190
2021-04-26 00:31:57.078000,4178.255,4177.599,2250,2250
2021-04-26 00:32:04.792000,4178.267,4177.551,2250,4190
2021-04-26 00:32:04.843000,4178.446,4177.754,2250,2250
2021-04-26 00:32:04.944000,4178.254,4177.736,460,2250
2021-04-26 00:32:04.994000,4178.264,4177.539,2250,2250
2021-04-26 00:32:07.054000,4178.254,4177.836,460,2250
2021-04-26 00:32:07.119000,4178.546,4177.899,2250,2250
2021-04-26 00:32:08.159000,4178.249,4177.536,2250,4190
2021-04-26 00:32:08.210000,4178.264,4177.545,2250,2250
2021-04-26 00:32:15.595000,4178.266,4177.854,460,2250
2021-04-26 00:32:15.646000,4178.549,4177.845,2250,2250
2021-04-26 00:32:30.099000,4178.554,4177.954,460,2250
2021-04-26 00:32:30.149000,4178.649,4177.948,2250,2250
2021-04-26 00:32:30.260000,4178.566,4177.999,460,2250
2021-04-26 00:32:30.311000,4178.558,4177.899,2250,2250
2021-04-26 00:32:38.219000,4178.563,4178.042,460,2250
2021-04-26 00:32:38.270000,4178.701,4178.051,2250,2250
2021-04-26 00:32:40.784000,4178.501,4177.848,2250,4190
2021-04-26 00:32:40.834000,4178.549,4177.848,2250,2250
2021-04-26 00:32:40.944000,4178.551,4178.051,460,2250
2021-04-26 00:32:40.995000,4178.752,4178.051,2250,2250
2021-04-26 00:32:59.533000,4178.567,4177.839,2250,4190
2021-04-26 00:32:59.583000,4178.564,4177.833,2250,2250
2021-04-26 00:33:36.849000,4178.266,4177.848,460,2250
2021-04-26 00:33:36.899000,4178.258,4177.542,2250,2250
2021-04-26 00:34:26.971000,4178.255,4177.536,2250,4190
2021-04-26 00:34:27.021000,4178.549,4177.833,2250,2250
2021-04-26 00:34:32.662000,4178.254,4177.848,460,2250
2021-04-26 00:34:32.712000,4178.201,4177.548,2250,2250
2021-04-26 00:34:34.004000,4178.251,4177.839,460,2250
2021-04-26 00:34:34.054000,4178.564,4177.833,2250,2250
2021-04-26 00:34:49.473000,4178.552,4177.899,2250,4190
2021-04-26 00:34:49.523000,4178.761,4178.036,2250,2250
2021-04-26 00:34:50.561000,4178.757,4178.354,460,2250
2021-04-26 00:34:50.611000,4179.046,4178.354,2250,2250
2021-04-26 00:34:54.878000,4179.054,4178.533,460,2250
2021-04-26 00:34:54.929000,4179.264,4178.533,2250,2250
2021-04-26 00:35:01.250000,4179.055,4178.399,2250,4190
2021-04-26 00:35:01.300000,4179.049,4178.342,2250,2250
2021-04-26 00:35:02.525000,4178.755,4178.045,2250,4190
2021-04-26 00:35:02.576000,4178.701,4178.039,2250,2250
2021-04-26 00:35:25.327000,4178.763,4178.333,460,2250
2021-04-26 00:35:25.377000,4179.049,4178.348,2250,2250
2021-04-26 00:35:44.216000,4179.261,4178.548,2250,2250
2021-04-26 00:35:44.375000,4179.057,4178.548,460,2250
2021-04-26 00:35:44.426000,4179.049,4178.345,2250,2250
2021-04-26 00:35:48.825000,4179.003,4178.536,460,2250
2021-04-26 00:35:48.875000,4179.201,4178.599,2250,2250
2021-04-26 00:35:53.759000,4179.058,4178.345,2250,4190
2021-04-26 00:35:53.809000,4179.055,4178.399,2250,2250
2021-04-26 00:35:54.480000,4179.057,4178.433,460,2250
2021-04-26 00:35:54.531000,4179.155,4178.454,2250,2250
2021-04-26 00:35:54.640000,4179.061,4178.336,2250,4190
2021-04-26 00:35:54.691000,4179.055,4178.333,2250,2250
2021-04-26 00:36:02.668000,4179.06,4178.448,460,2250
2021-04-26 00:36:02.718000,4179.158,4178.436,2250,2250
2021-04-26 00:36:03.250000,4179.151,4178.539,460,2250
2021-04-26 00:36:03.300000,4179.261,4178.551,2250,2250
2021-04-26 00:36:05.647000,4179.16,4178.533,460,2250
2021-04-26 00:36:05.697000,4179.101,4178.448,2250,2250
2021-04-26 00:36:05.805000,4179.048,4178.454,460,2250
2021-04-26 00:36:05.856000,4179.046,4178.399,2250,2250
2021-04-26 00:36:05.966000,4179.066,4178.548,460,2250
2021-04-26 00:36:06.016000,4179.258,4178.533,2250,2250
2021-04-26 00:36:08.455000,4179.055,4178.354,2250,4190
2021-04-26 00:36:08.506000,4179.001,4178.354,2250,2250
2021-04-26 00:36:11.689000,4179.061,4178.342,2250,4190
2021-04-26 00:36:11.739000,4179.261,4178.542,2250,2250
2021-04-26 00:36:20.979000,4179.049,4178.345,2250,4190
2021-04-26 00:36:21.029000,4179.055,4178.351,2250,2250
2021-04-26 00:36:21.957000,4178.764,4178.048,2250,4190
2021-04-26 00:36:22.007000,4178.758,4178.048,2250,2250
2021-04-26 00:36:33.418000,4178.558,4177.836,2250,4190
2021-04-26 00:36:33.468000,4178.552,4177.836,2250,2250
2021-04-26 00:36:48.694000,4178.551,4177.936,460,2250
2021-04-26 00:36:48.744000,4178.661,4177.945,2250,2250
2021-04-26 00:36:49.695000,4178.603,4178.054,460,2250
2021-04-26 00:36:49.746000,4178.758,4178.054,2250,2250
2021-04-26 00:36:53.081000,4178.648,4178.054,460,2250
2021-04-26 00:36:53.131000,4178.661,4177.954,2250,2250
2021-04-26 00:36:53.357000,4178.649,4177.936,2250,4190
2021-04-26 00:36:53.407000,4178.749,4178.036,2250,2250
2021-04-26 00:37:02.381000,4178.501,4177.845,2250,4190
2021-04-26 00:37:02.431000,4178.561,4177.836,2250,2250
2021-04-26 00:37:03.858000,4178.549,4177.833,2250,4190
2021-04-26 00:37:03.908000,4178.758,4178.033,2250,2250
2021-04-26 00:37:12.207000,4178.601,4177.939,2250,4190
2021-04-26 00:37:12.258000,4178.652,4177.945,2250,2250
2021-04-26 00:37:12.374000,4178.552,4177.836,2250,4190
2021-04-26 00:37:12.424000,4178.549,4177.851,2250,2250
2021-04-26 00:38:01.697000,4178.254,4177.845,460,2250
2021-04-26 00:38:01.747000,4178.264,4177.551,2250,2250
2021-04-26 00:38:03.979000,4178.257,4177.899,460,2250
2021-04-26 00:38:04.030000,4178.549,4177.839,2250,2250
2021-04-26 00:38:41.867000,4178.557,4178.039,460,2250
2021-04-26 00:38:41.918000,4178.767,4178.039,2250,2250
2021-04-26 00:40:15.516000,4178.769,4178.399,460,2250
2021-04-26 00:40:15.566000,4179.067,4178.348,2250,2250
2021-04-26 00:40:16.868000,4178.767,4178.036,2250,4190
2021-04-26 00:40:16.919000,4178.761,4178.054,2250,2250
2021-04-26 00:40:47.898000,4178.555,4177.845,2250,4190
2021-04-26 00:40:47.948000,4178.501,4177.848,2250,2250
2021-04-26 00:41:06.354000,4178.255,4177.548,2250,4190
2021-04-26 00:41:06.404000,4178.252,4177.554,2250,2250
2021-04-26 00:41:15.808000,4178.051,4177.548,460,2250
2021-04-26 00:41:15.858000,4178.067,4177.399,2250,2250
2021-04-26 00:41:26.506000,4178.067,4177.339,2250,4190
2021-04-26 00:41:26.556000,4178.246,4177.533,2250,2250
2021-04-26 00:41:52.469000,4178.258,4177.599,2250,4190
2021-04-26 00:41:52.520000,4178.555,4177.854,2250,2250
2021-04-26 00:41:54.970000,4178.267,4177.539,2250,4190
2021-04-26 00:41:55.020000,4178.255,4177.548,2250,2250
2021-04-26 00:42:20.636000,4178.552,4177.851,2250,2250
2021-04-26 00:42:21.063000,4178.467,4177.751,2250,4190
2021-04-26 00:42:21.113000,4178.467,4177.733,2250,2250
2021-04-26 00:42:21.225000,4178.252,4177.599,2250,4190
2021-04-26 00:42:21.275000,4178.267,4177.542,2250,2250
2021-04-26 00:42:25.081000,4178.264,4177.545,2250,4190
2021-04-26 00:42:25.131000,4178.564,4177.854,2250,2250
2021-04-26 00:42:29.424000,4178.249,4177.554,2250,4190
2021-04-26 00:42:29.475000,4178.261,4177.551,2250,2250
2021-04-26 00:42:39.560000,4178.203,4177.842,460,2250
2021-04-26 00:42:39.610000,4178.558,4177.899,2250,2250
2021-04-26 00:42:40.258000,4178.267,4177.533,2250,4190
2021-04-26 00:42:40.309000,4178.267,4177.599,2250,2250
2021-04-26 00:42:40.416000,4178.257,4177.836,460,2250
2021-04-26 00:42:40.467000,4178.561,4177.851,2250,2250
2021-04-26 00:42:45.922000,4178.467,4177.799,2250,4190
2021-04-26 00:42:45.973000,4178.449,4177.799,2250,2250
2021-04-26 00:42:46.263000,4178.403,4177.854,460,2250
2021-04-26 00:42:46.313000,4178.501,4177.854,2250,2250
2021-04-26 00:42:46.771000,4178.246,4177.539,2250,4190
2021-04-26 00:42:46.821000,4178.249,4177.548,2250,2250
2021-04-26 00:42:50.481000,4178.246,4177.539,2250,4190
2021-04-26 00:42:50.531000,4178.552,4177.839,2250,2250
2021-04-26 00:42:50.811000,4178.403,4177.845,460,2250
2021-04-26 00:42:50.861000,4178.449,4177.742,2250,2250
2021-04-26 00:42:50.972000,4178.463,4177.839,460,2250
2021-04-26 00:42:51.023000,4178.558,4177.833,2250,2250
2021-04-26 00:42:51.850000,4178.452,4177.751,2250,4190
2021-04-26 00:42:51.901000,4178.449,4177.733,2250,2250
2021-04-26 00:42:54.573000,4178.46,4177.842,460,2250
2021-04-26 00:42:54.624000,4178.549,4177.836,2250,2250
2021-04-26 00:42:54.733000,4178.252,4177.545,2250,4190
2021-04-26 00:42:54.784000,4178.201,4177.548,2250,2250
2021-04-26 00:42:55.055000,4178.203,4177.836,460,2250
2021-04-26 00:42:55.105000,4178.564,4177.851,2250,2250
2021-04-26 00:42:55.568000,4178.255,4177.599,2250,4190
2021-04-26 00:42:55.619000,4178.252,4177.599,2250,2250
2021-04-26 00:43:02.781000,4178.146,4177.499,2250,4190
2021-04-26 00:43:02.831000,4178.161,4177.445,2250,2250
2021-04-26 00:43:03.576000,4178.148,4177.599,460,2250
2021-04-26 00:43:03.626000,4178.255,4177.533,2250,2250
2021-04-26 00:43:07.022000,4178.158,4177.499,2250,4190
2021-04-26 00:43:07.072000,4178.152,4177.442,2250,2250
2021-04-26 00:43:07.172000,4178.163,4177.599,460,2250
2021-04-26 00:43:07.222000,4178.267,4177.551,2250,2250
2021-04-26 00:43:07.590000,4178.101,4177.436,2250,4190
2021-04-26 00:43:07.640000,4178.161,4177.445,2250,2250
2021-04-26 00:43:07.751000,4178.169,4177.533,460,2250
2021-04-26 00:43:07.801000,4178.246,4177.533,2250,2250
2021-04-26 00:43:40.712000,4178.049,4177.339,2250,4190
2021-04-26 00:43:40.763000,4178.058,4177.354,2250,2250
2021-04-26 00:43:58.378000,4177.761,4177.099,2250,4190
2021-04-26 00:43:58.429000,4177.767,4177.048,2250,2250
2021-04-26 00:44:00.589000,4177.748,4177.333,460,2250
2021-04-26 00:44:00.639000,4178.055,4177.342,2250,2250
2021-04-26 00:44:12.984000,4177.766,4177.351,460,2250
2021-04-26 00:44:13.034000,4177.746,4177.033,2250,2250
2021-04-26 00:44:23.658000,4177.764,4177.039,2250,4190
2021-04-26 00:44:23.709000,4178.046,4177.348,2250,2250
2021-04-26 00:44:26.243000,4177.763,4177.345,460,2250
2021-04-26 00:44:26.294000,4177.764,4177.033,2250,2250
2021-04-26 00:44:47.249000,4177.769,4177.333,460,2250
2021-04-26 00:44:47.300000,4178.055,4177.339,2250,2250
2021-04-26 00:45:25.073000,4177.758,4177.042,2250,4190
2021-04-26 00:45:25.123000,4177.749,4177.036,2250,2250
2021-04-26 00:46:10.156000,4177.766,4177.399,460,2250
2021-04-26 00:46:10.206000,4178.061,4177.342,2250,2250
2021-04-26 00:46:15.245000,4177.746,4177.045,2250,4190
2021-04-26 00:46:15.296000,4177.755,4177.045,2250,2250
2021-04-26 00:46:16.037000,4178.061,4177.348,2250,2250
2021-04-26 00:46:26.967000,4177.752,4177.048,2250,4190
2021-04-26 00:46:27.018000,4177.767,4177.048,2250,2250
2021-04-26 00:47:06.746000,4177.549,4176.848,2250,4190
2021-04-26 00:47:06.797000,4177.564,4176.833,2250,2250
2021-04-26 00:47:09.938000,4177.561,4176.839,2250,4190
2021-04-26 00:47:09.989000,4177.764,4177.033,2250,2250
2021-04-26 00:48:08.187000,4177.766,4177.342,460,2250
2021-04-26 00:48:08.238000,4178.067,4177.351,2250,2250
2021-04-26 00:48:10.283000,4177.767,4177.051,2250,2250
2021-04-26 00:49:49.517000,4177.76,4177.399,460,2250
2021-04-26 00:49:49.568000,4178.001,4177.333,2250,2250
2021-04-26 00:50:05.829000,4178.069,4177.439,460,2250
2021-04-26 00:50:05.879000,4178.146,4177.448,2250,2250
2021-04-26 00:50:06.079000,4178.048,4177.499,460,2250
2021-04-26 00:50:06.129000,4178.058,4177.333,2250,2250
2021-04-26 00:50:09.858000,4178.057,4177.445,460,2250
2021-04-26 00:50:09.908000,4178.164,4177.448,2250,2250
2021-04-26 00:50:10.165000,4178.166,4177.545,460,2250
2021-04-26 00:50:10.215000,4178.261,4177.554,2250,2250
2021-04-26 00:50:44.431000,4178.255,4177.542,2250,4190
2021-04-26 00:50:44.481000,4178.561,4177.833,2250,2250
2021-04-26 00:50:57.174000,4178.246,4177.533,2250,4190
2021-04-26 00:50:57.224000,4178.255,4177.533,2250,2250
2021-04-26 00:51:27.405000,4178.26,4177.899,460,2250
2021-04-26 00:51:27.456000,4178.555,4177.851,2250,2250
2021-04-26 00:51:48.481000,4178.551,4178.045,460,2250
2021-04-26 00:51:48.531000,4178.701,4178.033,2250,2250
2021-04-26 00:52:09.916000,4178.561,4177.848,2250,4190
2021-04-26 00:52:09.967000,4178.501,4177.851,2250,2250
2021-04-26 00:53:29.145000,4178.558,4177.842,2250,4190
2021-04-26 00:53:29.196000,4178.764,4178.048,2250,2250
2021-04-26 00:53:45.384000,4178.567,4177.839,2250,4190
2021-04-26 00:53:45.435000,4178.555,4177.851,2250,2250
2021-04-26 00:53:45.706000,4178.569,4178.036,460,2250
2021-04-26 00:53:45.756000,4178.701,4178.036,2250,2250
2021-04-26 00:53:49.402000,4178.661,4177.945,2250,4190
2021-04-26 00:53:49.453000,4178.658,4177.951,2250,2250
2021-04-26 00:53:49.564000,4178.557,4177.954,460,2250
2021-04-26 00:53:49.615000,4178.546,4177.836,2250,2250
2021-04-26 00:54:26.750000,4178.548,4178.048,460,2250
2021-04-26 00:54:26.801000,4178.764,4178.048,2250,2250
2021-04-26 00:55:47.060000,4178.567,4177.899,2250,4190
2021-04-26 00:55:47.110000,4178.546,4177.854,2250,2250
2021-04-26 00:56:11.257000,4178.267,4177.554,2250,4190
2021-04-26 00:56:11.308000,4178.261,4177.545,2250,2250
2021-04-26 00:56:20.131000,4177.761,4177.039,2250,4190
2021-04-26 00:56:20.181000,4177.752,4177.036,2250,2250
2021-04-26 00:56:21.096000,4177.76,4177.345,460,2250
2021-04-26 00:56:21.147000,4178.001,4177.339,2250,2250
2021-04-26 00:56:45.579000,4177.767,4177.048,2250,4190
2021-04-26 00:56:45.629000,4177.767,4177.054,2250,2250
2021-04-26 00:56:48.460000,4177.757,4177.399,460,2250
2021-04-26 00:56:48.511000,4178.001,4177.342,2250,2250
2021-04-26 00:57:06.045000,4177.764,4177.045,2250,2250
2021-04-26 00:57:07.417000,4177.757,4177.339,460,2250
2021-04-26 00:57:07.467000,4178.055,4177.345,2250,2250
2021-04-26 00:57:56.776000,4178.067,4177.339,2250,4190
2021-04-26 00:57:56.827000,4178.252,4177.539,2250,2250
2021-04-26 00:58:02.435000,4178.057,4177.533,460,2250
2021-04-26 00:58:02.485000,4178.049,4177.348,2250,2250
2021-04-26 00:58:57.096000,4178.066,4177.551,460,2250
2021-04-26 00:58:57.146000,4178.258,4177.599,2250,2250
2021-04-26 00:59:51.274000,4178.058,4177.354,2250,4190
2021-04-26 00:59:51.324000,4178.001,4177.348,2250,2250
2021-04-26 00:59:51.985000,4178.051,4177.533,460,2250
2021-04-26 00:59:52.036000,4178.255,4177.536,2250,2250
2021-04-26 00:59:54.206000,4178.046,4177.345,2250,4190
2021-04-26 00:59:54.256000,4178.049,4177.348,2250,2250
2021-04-26 00:59:55.891000,4178.06,4177.599,460,2250
2021-04-26 00:59:55.941000,4178.201,4177.545,2250,2250
2021-04-26 00:59:56.535000,4178.058,4177.333,2250,4190
2021-04-26 00:59:56.586000,4178.055,4177.351,2250,2250
2021-04-26 01:00:02.152000,4177.746,4177.048,2250,4190
2021-04-26 01:00:02.203000,4177.755,4177.045,2250,2250
2021-04-26 01:00:06.322000,4178.052,4177.345,2250,2250
2021-04-26 01:00:15.192000,4178.067,4177.333,2250,4190
2021-04-26 01:00:15.242000,4178.246,4177.539,2250,2250
2021-04-26 01:00:26.160000,4178.251,4177.854,460,2250
2021-04-26 01:00:26.210000,4178.564,4177.854,2250,2250
2021-04-26 01:00:28.185000,4178.251,4177.833,460,2250
2021-04-26 01:00:28.235000,4178.264,4177.551,2250,2250
2021-04-26 01:00:28.999000,4178.26,4177.842,460,2250
2021-04-26 01:00:29.050000,4178.549,4177.851,2250,2250
2021-04-26 01:00:29.159000,4178.201,4177.539,2250,4190
2021-04-26 01:00:29.209000,4178.201,4177.548,2250,2250
2021-04-26 01:00:35.091000,4178.067,4177.345,2250,4190
2021-04-26 01:00:35.141000,4178.055,4177.345,2250,2250
2021-04-26 01:00:40.315000,4177.767,4177.048,2250,4190
2021-04-26 01:00:40.365000,4177.767,4177.045,2250,2250
2021-04-26 01:01:12.319000,4177.548,4177.099,460,2250
2021-04-26 01:01:12.369000,4177.552,4176.899,2250,2250
2021-04-26 01:01:14.838000,4177.258,4176.539,2250,4190
2021-04-26 01:01:14.888000,4177.267,4176.545,2250,2250
2021-04-26 01:01:20.048000,4177.067,4176.336,2250,4190
2021-04-26 01:01:20.099000,4177.055,4176.339,2250,2250
2021-04-26 01:01:20.696000,4176.767,4176.039,2250,4190
2021-04-26 01:01:20.747000,4176.758,4176.048,2250,2250
2021-04-26 01:01:21.180000,4176.703,4176.339,460,2250
2021-04-26 01:01:21.231000,4177.061,4176.333,2250,2250
2021-04-26 01:01:32.132000,4176.758,4176.036,2250,4190
2021-04-26 01:01:32.182000,4176.767,4176.051,2250,2250
2021-04-26 01:01:56.372000,4176.761,4176.051,2250,4190
2021-04-26 01:01:56.422000,4177.064,4176.339,2250,2250
2021-04-26 01:02:05.783000,4176.767,4176.036,2250,4190
2021-04-26 01:02:05.833000,4176.767,4176.051,2250,2250
2021-04-26 01:02:06.276000,4177.064,4176.345,2250,2250
2021-04-26 01:02:06.435000,4176.703,4176.333,460,2250
2021-04-26 01:02:06.486000,4176.701,4176.039,2250,2250
2021-04-26 01:02:08.864000,4176.754,4176.342,460,2250
2021-04-26 01:02:08.915000,4177.058,4176.345,2250,2250
2021-04-26 01:02:12.055000,4176.903,4176.339,460,2250
2021-04-26 01:02:12.105000,4176.946,4176.254,2250,2250
2021-04-26 01:02:12.214000,4176.903,4176.399,460,2250
2021-04-26 01:02:12.265000,4177.058,4176.333,2250,2250
2021-04-26 01:02:18.699000,4176.755,4176.039,2250,4190
2021-04-26 01:02:18.749000,4176.749,4176.036,2250,2250
2021-04-26 01:02:23.306000,4176.567,4175.842,2250,4190
2021-04-26 01:02:23.356000,4176.552,4175.848,2250,2250
2021-04-26 01:02:34.592000,4176.467,4175.736,2250,4190
2021-04-26 01:02:34.642000,4176.446,4175.799,2250,2250
2021-04-26 01:02:34.753000,4176.469,4175.854,460,2250
2021-04-26 01:02:34.803000,4176.555,4175.899,2250,2250
2021-04-26 01:02:39.806000,4176.557,4176.036,460,2250
2021-04-26 01:02:39.856000,4176.746,4176.099,2250,2250
2021-04-26 01:02:48.331000,4176.661,4175.999,2250,4190
2021-04-26 01:02:48.381000,4176.667,4175.942,2250,2250
2021-04-26 01:02:48.492000,4176.552,4175.854,2250,4190
2021-04-26 01:02:48.543000,4176.561,4175.854,2250,2250
2021-04-26 01:02:48.978000,4176.549,4175.836,2250,4190
2021-04-26 01:02:49.028000,4176.758,4176.033,2250,2250
2021-04-26 01:02:54.765000,4176.703,4176.342,460,2250
2021-04-26 01:02:54.816000,4177.058,4176.348,2250,2250
2021-04-26 01:03:04.310000,4177.063,4176.551,460,2250
2021-04-26 01:03:04.360000,4177.246,4176.536,2250,2250
2021-04-26 01:03:21.226000,4177.201,4176.545,2250,4190
2021-04-26 01:03:21.276000,4177.567,4176.845,2250,2250
2021-04-26 01:03:24.523000,4177.551,4177.054,460,2250
2021-04-26 01:03:24.573000,4177.758,4177.099,2250,2250
2021-04-26 01:03:30.589000,4177.546,4176.848,2250,4190
2021-04-26 01:03:30.640000,4177.555,4176.845,2250,2250
2021-04-26 01:03:33.201000,4177.503,4177.051,460,2250
2021-04-26 01:03:33.253000,4177.764,4177.099,2250,2250
2021-04-26 01:03:35.800000,4177.546,4176.842,2250,4190
2021-04-26 01:03:35.850000,4177.561,4176.833,2250,2250
2021-04-26 01:03:58.872000,4177.569,4177.054,460,2250
2021-04-26 01:03:58.923000,4177.761,4177.054,2250,2250
2021-04-26 01:03:59.803000,4177.566,4177.099,460,2250
2021-04-26 01:03:59.853000,4177.555,4176.836,2250,2250
2021-04-26 01:04:01.021000,4177.503,4176.942,460,2250
2021-04-26 01:04:01.071000,4177.646,4176.999,2250,2250
2021-04-26 01:04:01.565000,4177.501,4176.839,2250,4190
2021-04-26 01:04:01.616000,4177.564,4176.851,2250,2250
2021-04-26 01:04:02.054000,4177.569,4176.948,460,2250
2021-04-26 01:04:02.105000,4177.646,4176.933,2250,2250
2021-04-26 01:04:02.701000,4177.664,4176.942,2250,4190
2021-04-26 01:04:02.751000,4177.749,4177.036,2250,2250
2021-04-26 01:04:04.174000,4177.561,4176.833,2250,4190
2021-04-26 01:04:04.225000,4177.567,4176.845,2250,2250
2021-04-26 01:04:07.425000,4177.549,4176.836,2250,4190
2021-04-26 01:04:07.475000,4177.749,4177.099,2250,2250
2021-04-26 01:04:07.587000,4177.564,4176.899,2250,4190
2021-04-26 01:04:07.638000,4177.561,4176.842,2250,2250
2021-04-26 01:04:08.933000,4177.56,4176.999,460,2250
2021-04-26 01:04:08.983000,4177.601,4176.948,2250,2250
2021-04-26 01:04:09.488000,4177.567,4176.836,2250,4190
2021-04-26 01:04:09.538000,4177.555,4176.833,2250,2250
2021-04-26 01:04:55.037000,4177.564,4176.845,2250,4190
2021-04-26 01:04:55.087000,4177.746,4177.051,2250,2250
2021-04-26 01:05:02.909000,4177.564,4176.839,2250,4190
2021-04-26 01:05:02.959000,4177.567,4176.836,2250,2250
2021-04-26 01:05:09.279000,4177.503,4177.054,460,2250
2021-04-26 01:05:09.329000,4177.746,4177.051,2250,2250
2021-04-26 01:05:20.346000,4177.769,4177.251,460,2250
2021-04-26 01:05:20.396000,4177.949,4177.245,2250,2250
2021-04-26 01:05:20.505000,4177.963,4177.354,460,2250
2021-04-26 01:05:20.556000,4178.052,4177.354,2250,2250
2021-04-26 01:05:21.740000,4177.751,4177.342,460,2250
2021-04-26 01:05:21.791000,4177.746,4177.036,2250,2250
2021-04-26 01:06:02.397000,4177.658,4176.942,2250,4190
2021-04-26 01:06:02.447000,4177.652,4176.951,2250,2250
2021-04-26 01:06:03.385000,4177.649,4176.954,2250,4190
2021-04-26 01:06:03.435000,4177.758,4177.042,2250,2250
2021-04-26 01:06:15.960000,4177.569,4177.042,460,2250
2021-04-26 01:06:16.011000,4177.567,4176.851,2250,2250
2021-04-26 01:06:17.573000,4177.567,4176.854,2250,4190
2021-04-26 01:06:17.623000,4177.749,4177.054,2250,2250
2021-04-26 01:06:17.913000,4177.501,4176.845,2250,4190
2021-04-26 01:06:17.963000,4177.567,4176.851,2250,2250
2021-04-26 01:06:20.024000,4177.503,4177.054,460,2250
2021-04-26 01:06:20.074000,4177.767,4177.036,2250,2250
2021-04-26 01:06:35.773000,4177.555,4176.839,2250,4190
2021-04-26 01:06:35.824000,4177.549,4176.845,2250,2250
2021-04-26 01:06:37.973000,4177.563,4177.099,460,2250
2021-04-26 01:06:38.023000,4177.746,4177.048,2250,2250
2021-04-26 01:06:40.027000,4177.658,4176.933,2250,4190
2021-04-26 01:06:40.077000,4177.655,4176.951,2250,2250
2021-04-26 01:06:40.801000,4177.555,4176.839,2250,4190
2021-04-26 01:06:40.851000,4177.546,4176.854,2250,2250
2021-04-26 01:06:43.539000,4177.552,4176.851,2250,4190
2021-04-26 01:06:43.589000,4177.661,4176.942,2250,2250
2021-04-26 01:06:43.700000,4177.663,4177.099,460,2250
2021-04-26 01:06:43.750000,4177.701,4177.042,2250,2250
2021-04-26 01:06:45.286000,4177.552,4176.851,2250,4190
2021-04-26 01:06:45.336000,4177.552,4176.833,2250,2250
2021-04-26 01:06:45.891000,4177.563,4177.036,460,2250
2021-04-26 01:06:45.942000,4177.755,4177.039,2250,2250
2021-04-26 01:06:54.146000,4177.567,4176.845,2250,4190
2021-04-26 01:06:54.196000,4177.549,4176.899,2250,2250
2021-04-26 01:07:40.799000,4177.56,4177.045,460,2250
2021-04-26 01:07:40.849000,4177.761,4177.039,2250,2250
2021-04-26 01:07:48.117000,4177.567,4176.833,2250,4190
2021-04-26 01:07:48.168000,4177.558,4176.839,2250,2250
2021-04-26 01:08:06.395000,4177.258,4176.599,2250,4190
2021-04-26 01:08:06.445000,4177.252,4176.536,2250,2250
2021-04-26 01:08:29.853000,4177.067,4176.342,2250,4190
2021-04-26 01:08:29.904000,4177.067,4176.336,2250,2250
2021-04-26 01:08:57.876000,4177.003,4176.551,460,2250
2021-04-26 01:08:57.926000,4177.267,4176.599,2250,2250
2021-04-26 01:09:32.846000,4177.546,4176.899,2250,2250
2021-04-26 01:09:33.420000,4177.249,4176.542,2250,4190
2021-04-26 01:09:33.470000,4177.267,4176.536,2250,2250
2021-04-26 01:09:42.934000,4177.258,4176.548,2250,4190
2021-04-26 01:09:42.985000,4177.564,4176.851,2250,2250
2021-04-26 01:09:48.001000,4177.563,4177.051,460,2250
2021-04-26 01:09:48.052000,4177.764,4177.048,2250,2250
2021-04-26 01:09:58.508000,4177.757,4177.333,460,2250
2021-04-26 01:09:58.558000,4178.064,4177.399,2250,2250
2021-04-26 01:10:01.613000,4178.003,4177.539,460,2250
2021-04-26 01:10:01.663000,4178.246,4177.539,2250,2250
2021-04-26 01:10:16.985000,4178.248,4177.839,460,2250
2021-04-26 01:10:17.035000,4178.564,4177.848,2250,2250
2021-04-26 01:10:20.828000,4178.56,4178.051,460,2250
2021-04-26 01:10:20.878000,4178.755,4178.033,2250,2250
2021-04-26 01:10:28.336000,4178.754,4178.354,460,2250
2021-04-26 01:10:28.386000,4179.055,4178.399,2250,2250
2021-04-26 01:10:33.853000,4178.758,4178.051,2250,4190
2021-04-26 01:10:33.903000,4178.752,4178.045,2250,2250
2021-04-26 01:10:46.210000,4178.546,4177.845,2250,4190
2021-04-26 01:10:46.260000,4178.555,4177.836,2250,2250
2021-04-26 01:10:48.217000,4178.554,4178.045,460,2250
2021-04-26 01:10:48.267000,4178.752,4178.042,2250,2250
2021-04-26 01:11:26.935000,4178.754,4178.354,460,2250
2021-04-26 01:11:26.985000,4179.055,4178.342,2250,2250
2021-04-26 01:11:40.122000,4179.057,4178.533,460,2250
2021-04-26 01:11:40.172000,4179.264,4178.554,2250,2250
2021-04-26 01:11:41.090000,4179.067,4178.339,2250,4190
2021-04-26 01:11:41.141000,4179.052,4178.399,2250,2250
2021-04-26 01:11:41.411000,4179.06,4178.545,460,2250
2021-04-26 01:11:41.462000,4179.255,4178.551,2250,2250
2021-04-26 01:11:42.877000,4179.164,4178.451,2250,4190
2021-04-26 01:11:42.927000,4179.158,4178.433,2250,2250
2021-04-26 01:11:44.013000,4179.061,4178.339,2250,4190
2021-04-26 01:11:44.063000,4179.001,4178.399,2250,2250
2021-04-26 01:11:48.739000,4179.063,4178.548,460,2250
2021-04-26 01:11:48.790000,4179.264,4178.542,2250,2250
2021-04-26 01:12:15.803000,4179.263,4178.848,460,2250
2021-04-26 01:12:15.853000,4179.546,4178.833,2250,2250
2021-04-26 01:12:33.619000,4179.201,4178.551,2250,4190
2021-04-26 01:12:33.669000,4179.261,4178.599,2250,2250
2021-04-26 01:12:52.156000,4179.052,4178.399,2250,4190
2021-04-26 01:12:52.206000,4179.058,4178.351,2250,2250
2021-04-26 01:13:28.516000,4178.749,4178.099,2250,4190
2021-04-26 01:13:28.567000,4178.752,4178.099,2250,2250
2021-04-26 01:13:34.373000,4178.549,4177.833,2250,4190
2021-04-26 01:13:34.423000,4178.501,4177.854,2250,2250
2021-04-26 01:13:41.379000,4178.267,4177.533,2250,4190
2021-04-26 01:13:41.429000,4178.249,4177.533,2250,2250
2021-04-26 01:14:01.371000,4178.046,4177.351,2250,4190
2021-04-26 01:14:01.421000,4178.052,4177.336,2250,2250
2021-04-26 01:14:13.105000,4177.749,4177.054,2250,4190
2021-04-26 01:14:13.155000,4177.758,4177.033,2250,2250
2021-04-26 01:14:21.804000,4177.567,4176.833,2250,4190
2021-04-26 01:14:21.855000,4177.546,4176.848,2250,2250
2021-04-26 01:14:30.956000,4177.569,4177.042,460,2250
2021-04-26 01:14:31.006000,4177.761,4177.036,2250,2250
2021-04-26 01:14:34.576000,4177.549,4176.854,2250,4190
2021-04-26 01:14:34.626000,4177.558,4176.899,2250,2250
2021-04-26 01:14:41.346000,4177.264,4176.533,2250,4190
2021-04-26 01:14:41.396000,4177.246,4176.599,2250,2250
2021-04-26 01:14:44.568000,4177.064,4176.399,2250,4190
2021-04-26 01:14:44.619000,4177.067,4176.354,2250,2250
2021-04-26 01:14:46.090000,4176.766,4176.354,460,2250
2021-04-26 01:14:46.140000,4176.749,4176.039,2250,2250
2021-04-26 01:14:52.205000,4176.76,4176.354,460,2250
2021-04-26 01:14:52.255000,4177.064,4176.351,2250,2250
2021-04-26 01:14:53.339000,4176.746,4176.039,2250,4190
2021-04-26 01:14:53.389000,4176.701,4176.033,2250,2250
2021-04-26 01:14:56.126000,4176.766,4176.333,460,2250
2021-04-26 01:14:56.176000,4177.058,4176.339,2250,2250
2021-04-26 01:14:57.290000,4176.746,4176.099,2250,4190
2021-04-26 01:14:57.341000,4176.755,4176.054,2250,2250
2021-04-26 01:15:01.332000,4176.758,4176.042,2250,4190
2021-04-26 01:15:01.383000,4177.061,4176.348,2250,2250
2021-04-26 01:15:07.223000,4176.701,4176.054,2250,4190
2021-04-26 01:15:07.274000,4176.746,4176.039,2250,2250
2021-04-26 01:15:22.969000,4176.558,4175.839,2250,4190
2021-04-26 01:15:23.019000,4176.564,4175.836,2250,2250
2021-04-26 01:15:23.803000,4176.554,4176.051,460,2250
2021-04-26 01:15:23.853000,4176.752,4176.033,2250,2250
2021-04-26 01:15:23.965000,4176.567,4175.839,2250,4190
2021-04-26 01:15:24.016000,4176.546,4175.899,2250,2250
2021-04-26 01:15:24.448000,4176.548,4175.948,460,2250
2021-04-26 01:15:24.499000,4176.664,4175.948,2250,2250
2021-04-26 01:15:24.856000,4176.657,4176.036,460,2250
2021-04-26 01:15:24.906000,4176.746,4176.039,2250,2250
2021-04-26 01:15:28.195000,4176.555,4175.848,2250,4190
2021-04-26 01:15:28.245000,4176.564,4175.836,2250,2250
2021-04-26 01:15:34.934000,4176.063,4175.833,460,2250
2021-04-26 01:15:34.984000,4176.049,4175.342,2250,2250
2021-04-26 01:15:36.852000,4176.057,4175.545,460,2250
2021-04-26 01:15:36.902000,4176.252,4175.533,2250,2250
2021-04-26 01:15:57.410000,4176.248,4175.833,460,2250
2021-04-26 01:15:57.461000,4176.564,4175.851,2250,2250
2021-04-26 01:16:00.701000,4176.267,4175.542,2250,4190
2021-04-26 01:16:00.751000,4176.252,4175.545,2250,2250
2021-04-26 01:16:03.731000,4176.257,4175.748,460,2250
2021-04-26 01:16:03.781000,4176.452,4175.799,2250,2250
2021-04-26 01:16:03.892000,4176.457,4175.836,460,2250
2021-04-26 01:16:03.942000,4176.555,4175.836,2250,2250
2021-04-26 01:16:04.405000,4176.252,4175.548,2250,4190
2021-04-26 01:16:04.455000,4176.258,4175.539,2250,2250
2021-04-26 01:16:04.904000,4176.266,4175.733,460,2250
2021-04-26 01:16:04.955000,4176.461,4175.742,2250,2250
2021-04-26 01:16:05.235000,4176.257,4175.736,460,2250
2021-04-26 01:16:05.285000,4176.201,4175.536,2250,2250
2021-04-26 01:16:06.934000,4176.263,4175.836,460,2250
2021-04-26 01:16:06.985000,4176.552,4175.845,2250,2250
2021-04-26 01:16:07.740000,4176.446,4175.742,2250,4190
2021-04-26 01:16:07.790000,4176.467,4175.748,2250,2250
2021-04-26 01:16:08.244000,4176.201,4175.542,2250,4190
2021-04-26 01:16:08.294000,4176.255,4175.599,2250,2250
2021-04-26 01:16:09.190000,4176.203,4175.848,460,2250
2021-04-26 01:16:09.241000,4176.501,4175.839,2250,2250
2021-04-26 01:16:09.673000,4176.263,4175.839,460,2250
2021-04-26 01:16:09.724000,4176.246,4175.533,2250,2250
2021-04-26 01:16:12.068000,4176.254,4175.836,460,2250
2021-04-26 01:16:12.118000,4176.552,4175.842,2250,2250
2021-04-26 01:16:17.755000,4176.261,4175.554,2250,2250
2021-04-26 01:16:28.727000,4176.049,4175.348,2250,4190
2021-04-26 01:16:28.778000,4176.049,4175.354,2250,2250
2021-04-26 01:16:30.203000,4175.701,4175.051,2250,4190
2021-04-26 01:16:30.254000,4175.767,4175.045,2250,2250
2021-04-26 01:16:32.217000,4175.757,4175.339,460,2250
2021-04-26 01:16:32.267000,4176.046,4175.399,2250,2250
2021-04-26 01:16:36.801000,4176.261,4175.554,2250,2250
2021-04-26 01:16:37.124000,4176.058,4175.333,2250,4190
2021-04-26 01:16:37.174000,4176.001,4175.336,2250,2250
2021-04-26 01:16:40.184000,4176.003,4175.539,460,2250
2021-04-26 01:16:40.234000,4176.255,4175.554,2250,2250
2021-04-26 01:16:40.344000,4176.049,4175.336,2250,4190
2021-04-26 01:16:40.394000,4176.064,4175.339,2250,2250
2021-04-26 01:16:40.920000,4176.051,4175.448,460,2250
2021-04-26 01:16:40.970000,4176.164,4175.499,2250,2250
2021-04-26 01:16:41.240000,4176.001,4175.336,2250,4190
2021-04-26 01:16:41.290000,4176.052,4175.339,2250,2250
2021-04-26 01:16:41.884000,4176.057,4175.542,460,2250
2021-04-26 01:16:41.934000,4176.246,4175.551,2250,2250
2021-04-26 01:16:42.207000,4176.167,4175.454,2250,4190
2021-04-26 01:16:42.258000,4176.158,4175.451,2250,2250
2021-04-26 01:16:43.095000,4176.061,4175.348,2250,4190
2021-04-26 01:16:43.146000,4176.001,4175.351,2250,2250
2021-04-26 01:16:49.559000,4176.057,4175.451,460,2250
2021-04-26 01:16:49.610000,4176.155,4175.448,2250,2250
2021-04-26 01:16:49.721000,4176.058,4175.399,2250,4190
2021-04-26 01:16:49.772000,4176.049,4175.333,2250,2250
2021-04-26 01:17:05.138000,4175.754,4175.345,460,2250
2021-04-26 01:17:05.189000,4175.764,4175.042,2250,2250
2021-04-26 01:17:06.579000,4175.766,4175.233,460,2250
2021-04-26 01:17:06.629000,4175.964,4175.233,2250,2250
2021-04-26 01:17:06.870000,4175.767,4175.054,2250,4190
2021-04-26 01:17:06.920000,4175.755,4175.099,2250,2250
2021-04-26 01:17:08.264000,4175.751,4175.345,460,2250
2021-04-26 01:17:08.314000,4176.067,4175.336,2250,2250
2021-04-26 01:17:08.668000,4175.755,4175.045,2250,4190
2021-04-26 01:17:08.718000,4175.752,4175.039,2250,2250
2021-04-26 01:17:08.990000,4175.754,4175.339,460,2250
2021-04-26 01:17:09.041000,4176.001,4175.339,2250,2250
2021-04-26 01:17:11.872000,4175.752,4175.045,2250,4190
2021-04-26 01:17:11.922000,4175.761,4175.054,2250,2250
2021-04-26 01:17:12.357000,4175.763,4175.342,460,2250
2021-04-26 01:17:12.407000,4176.058,4175.339,2250,2250
2021-04-26 01:17:16.588000,4175.746,4175.099,2250,4190
2021-04-26 01:17:16.638000,4175.767,4175.045,2250,2250
2021-04-26 01:17:17.140000,4175.763,4175.242,460,2250
2021-04-26 01:17:17.190000,4175.946,4175.233,2250,2250
2021-04-26 01:17:17.301000,4175.948,4175.354,460,2250
2021-04-26 01:17:17.351000,4176.055,4175.348,2250,2250
2021-04-26 01:17:40.315000,4176.069,4175.554,460,2250
2021-04-26 01:17:40.366000,4176.258,4175.542,2250,2250
2021-04-26 01:17:51.584000,4176.046,4175.351,2250,4190
2021-04-26 01:17:51.634000,4176.046,4175.399,2250,2250
2021-04-26 01:17:51.745000,4176.069,4175.536,460,2250
2021-04-26 01:17:51.796000,4176.252,4175.554,2250,2250
2021-04-26 01:18:05.591000,4176.152,4175.451,2250,4190
2021-04-26 01:18:05.641000,4176.155,4175.442,2250,2250
2021-04-26 01:18:05.911000,4176.154,4175.533,460,2250
2021-04-26 01:18:05.961000,4176.258,4175.542,2250,2250
2021-04-26 01:18:22.114000,4176.251,4175.799,460,2250
2021-04-26 01:18:22.165000,4176.455,4175.742,2250,2250
2021-04-26 01:18:22.277000,4176.201,4175.548,2250,4190
2021-04-26 01:18:22.327000,4176.255,4175.539,2250,2250
2021-04-26 01:18:27.958000,4176.266,4175.836,460,2250
2021-04-26 01:18:28.008000,4176.561,4175.851,2250,2250
2021-04-26 01:18:29.935000,4176.201,4175.545,2250,4190
2021-04-26 01:18:29.986000,4176.261,4175.545,2250,2250
2021-04-26 01:18:30.415000,4176.266,4175.899,460,2250
2021-04-26 01:18:30.465000,4176.501,4175.854,2250,2250
2021-04-26 01:18:33.404000,4176.449,4175.745,2250,4190
2021-04-26 01:18:33.455000,4176.449,4175.739,2250,2250
2021-04-26 01:18:33.855000,4176.454,4175.899,460,2250
2021-04-26 01:18:33.905000,4176.564,4175.848,2250,2250
2021-04-26 01:18:34.626000,4176.264,4175.536,2250,4190
2021-04-26 01:18:34.676000,4176.261,4175.548,2250,2250
2021-04-26 01:18:37.847000,4176.257,4175.751,460,2250
2021-04-26 01:18:37.897000,4176.458,4175.799,2250,2250
2021-04-26 01:18:38.041000,4176.255,4175.551,2250,4190
2021-04-26 01:18:38.091000,4176.258,4175.551,2250,2250
2021-04-26 01:18:39.370000,4176.203,4175.833,460,2250
2021-04-26 01:18:39.421000,4176.564,4175.848,2250,2250
2021-04-26 01:18:47.166000,4176.563,4176.048,460,2250
2021-04-26 01:18:47.217000,4176.761,4176.033,2250,2250
2021-04-26 01:18:50.225000,4176.76,4176.354,460,2250
2021-04-26 01:18:50.275000,4177.061,4176.342,2250,2250
2021-04-26 01:18:56.355000,4177.06,4176.554,460,2250
2021-04-26 01:18:56.405000,4177.201,4176.539,2250,2250
2021-04-26 01:19:01.173000,4177.058,4176.339,2250,2250
2021-04-26 01:19:03.285000,4177.069,4176.548,460,2250
2021-04-26 01:19:03.335000,4177.261,4176.554,2250,2250
2021-04-26 01:19:12.645000,4177.048,4176.539,460,2250
2021-04-26 01:19:12.695000,4177.001,4176.345,2250,2250
2021-04-26 01:19:13.284000,4177.057,4176.599,460,2250
2021-04-26 01:19:13.334000,4177.255,4176.545,2250,2250
2021-04-26 01:19:26.073000,4177.064,4176.333,2250,4190
2021-04-26 01:19:26.123000,4177.055,4176.348,2250,2250
2021-04-26 01:19:28.431000,4177.057,4176.448,460,2250
2021-04-26 01:19:28.482000,4177.101,4176.499,2250,2250
2021-04-26 01:19:28.590000,4177.163,4176.599,460,2250
2021-04-26 01:19:28.640000,4177.264,4176.548,2250,2250
2021-04-26 01:19:29.329000,4177.164,4176.442,2250,4190
2021-04-26 01:19:29.380000,4177.167,4176.445,2250,2250
2021-04-26 01:19:30.097000,4177.049,4176.336,2250,4190
2021-04-26 01:19:30.147000,4177.049,4176.354,2250,2250
2021-04-26 01:19:31.011000,4177.069,4176.433,460,2250
2021-04-26 01:19:31.062000,4177.155,4176.451,2250,2250
2021-04-26 01:19:32.052000,4177.166,4176.539,460,2250
2021-04-26 01:19:32.102000,4177.267,4176.548,2250,2250
2021-04-26 01:19:38.841000,4177.266,4176.836,460,2250
2021-04-26 01:19:38.891000,4177.552,4176.842,2250,2250
2021-04-26 01:19:42.562000,4177.446,4176.739,2250,4190
2021-04-26 01:19:42.613000,4177.458,4176.751,2250,2250
2021-04-26 01:19:42.723000,4177.267,4176.548,2250,4190
2021-04-26 01:19:42.774000,4177.255,4176.551,2250,2250
2021-04-26 01:19:43.239000,4177.266,4176.739,460,2250
2021-04-26 01:19:43.289000,4177.452,4176.751,2250,2250
2021-04-26 01:19:43.985000,4177.258,4176.542,2250,4190
2021-04-26 01:19:44.035000,4177.261,4176.536,2250,2250
2021-04-26 01:19:44.417000,4177.26,4176.842,460,2250
2021-04-26 01:19:44.468000,4177.549,4176.845,2250,2250
2021-04-26 01:19:48.454000,4177.255,4176.548,2250,4190
2021-04-26 01:19:48.504000,4177.258,4176.542,2250,2250
2021-04-26 01:20:00.576000,4177.066,4176.539,460,2250
2021-04-26 01:20:00.626000,4177.052,4176.333,2250,2250
2021-04-26 01:20:00.734000,4177.061,4176.333,2250,4190
2021-04-26 01:20:00.785000,4177.246,4176.548,2250,2250
2021-04-26 01:20:02.042000,4177.061,4176.342,2250,4190
2021-04-26 01:20:02.092000,4177.058,4176.345,2250,2250
2021-04-26 01:20:03.427000,4177.066,4176.554,460,2250
2021-04-26 01:20:03.478000,4177.246,4176.536,2250,2250
2021-04-26 01:20:04.139000,4177.203,4176.842,460,2250
2021-04-26 01:20:04.189000,4177.552,4176.851,2250,2250
2021-04-26 01:20:11.410000,4177.246,4176.539,2250,4190
2021-04-26 01:20:11.461000,4177.267,4176.533,2250,2250
2021-04-26 01:20:11.732000,4177.257,4176.851,460,2250
2021-04-26 01:20:11.782000,4177.501,4176.854,2250,2250
2021-04-26 01:20:18.390000,4177.458,4176.736,2250,4190
2021-04-26 01:20:18.441000,4177.449,4176.748,2250,2250
2021-04-26 01:20:20.586000,4177.249,4176.545,2250,4190
2021-04-26 01:20:20.636000,4177.264,4176.554,2250,2250
2021-04-26 01:20:21.922000,4177.254,4176.845,460,2250
2021-04-26 01:20:21.972000,4177.555,4176.848,2250,2250
2021-04-26 01:20:43.766000,4177.261,4176.551,2250,4190
2021-04-26 01:20:43.816000,4177.249,4176.551,2250,2250
2021-04-26 01:20:44.691000,4177.203,4176.854,460,2250
2021-04-26 01:20:44.741000,4177.567,4176.833,2250,2250
2021-04-26 01:20:45.549000,4177.503,4177.045,460,2250
2021-04-26 01:20:45.599000,4177.767,4177.099,2250,2250
2021-04-26 01:20:52.459000,4177.766,4177.351,460,2250
2021-04-26 01:20:52.509000,4178.049,4177.399,2250,2250
2021-04-26 01:20:54.508000,4177.752,4177.099,2250,4190
2021-04-26 01:20:54.558000,4177.749,4177.051,2250,2250
2021-04-26 01:21:00.377000,4177.555,4176.851,2250,4190
2021-04-26 01:21:00.427000,4177.501,4176.833,2250,2250
2021-04-26 01:21:00.537000,4177.503,4177.045,460,2250
2021-04-26 01:21:00.588000,4177.764,4177.051,2250,2250
2021-04-26 01:21:01.240000,4177.655,4176.942,2250,4190
2021-04-26 01:21:01.290000,4177.646,4176.945,2250,2250
2021-04-26 01:21:01.842000,4177.549,4176.851,2250,4190
2021-04-26 01:21:01.892000,4177.501,4176.833,2250,2250
2021-04-26 01:21:05.356000,4177.267,4176.536,2250,4190
2021-04-26 01:21:05.406000,4177.249,4176.551,2250,2250
2021-04-26 01:21:05.512000,4177.263,4176.742,460,2250
2021-04-26 01:21:05.563000,4177.449,4176.754,2250,2250
2021-04-26 01:21:05.675000,4177.457,4176.848,460,2250
2021-04-26 01:21:05.726000,4177.552,4176.899,2250,2250
2021-04-26 01:21:06.638000,4177.264,4176.539,2250,4190
2021-04-26 01:21:06.688000,4177.252,4176.542,2250,2250
2021-04-26 01:21:12.660000,4177.164,4176.436,2250,4190
2021-04-26 01:21:12.710000,4177.167,4176.451,2250,2250
2021-04-26 01:21:12.820000,4177.061,4176.336,2250,2250
2021-04-26 01:21:17.587000,4177.066,4176.545,460,2250
2021-04-26 01:21:17.638000,4177.264,4176.536,2250,2250
2021-04-26 01:21:17.919000,4177.067,4176.345,2250,4190
2021-04-26 01:21:17.969000,4177.067,4176.342,2250,2250
2021-04-26 01:21:20.258000,4177.054,4176.536,460,2250
2021-04-26 01:21:20.308000,4177.246,4176.551,2250,2250
2021-04-26 01:21:22.812000,4177.055,4176.351,2250,4190
2021-04-26 01:21:22.863000,4177.055,4176.345,2250,2250
2021-04-26 01:21:25.015000,4177.054,4176.451,460,2250
2021-04-26 01:21:25.065000,4177.164,4176.454,2250,2250
2021-04-26 01:21:25.170000,4177.103,4176.545,460,2250
2021-04-26 01:21:25.221000,4177.246,4176.536,2250,2250
2021-04-26 01:21:25.701000,4177.064,4176.348,2250,4190
2021-04-26 01:21:25.751000,4177.061,4176.333,2250,2250
2021-04-26 01:21:43.347000,4177.057,4176.545,460,2250
2021-04-26 01:21:43.397000,4177.249,4176.536,2250,2250
2021-04-26 01:22:00.843000,4177.201,4176.533,2250,4190
2021-04-26 01:22:00.893000,4177.567,4176.845,2250,2250
2021-04-26 01:22:10.195000,4177.551,4176.999,460,2250
2021-04-26 01:22:10.246000,4177.646,4176.954,2250,2250
2021-04-26 01:22:10.515000,4177.666,4177.033,460,2250
2021-04-26 01:22:10.566000,4177.749,4177.054,2250,2250
2021-04-26 01:22:12.377000,4177.558,4176.836,2250,4190
2021-04-26 01:22:12.428000,4177.546,4176.848,2250,2250
2021-04-26 01:22:12.768000,4177.554,4177.033,460,2250
2021-04-26 01:22:12.818000,4177.746,4177.045,2250,2250
2021-04-26 01:22:16.073000,4177.757,4177.333,460,2250
2021-04-26 01:22:16.124000,4178.067,4177.336,2250,2250
2021-04-26 01:22:17.991000,4177.764,4177.042,2250,4190
2021-04-26 01:22:18.042000,4177.746,4177.099,2250,2250
2021-04-26 01:22:18.150000,4177.766,4177.342,460,2250
2021-04-26 01:22:18.201000,4178.061,4177.399,2250,2250
2021-04-26 01:22:22.981000,4178.051,4177.554,460,2250
2021-04-26 01:22:23.032000,4178.201,4177.599,2250,2250
2021-04-26 01:22:23.143000,4178.254,4177.848,460,2250
2021-04-26 01:22:23.197000,4178.567,4177.854,2250,2250
2021-04-26 01:22:42.223000,4178.655,4177.945,2250,2250
2021-04-26 01:22:42.382000,4178.549,4177.848,2250,4190
2021-04-26 01:22:42.432000,4178.564,4177.842,2250,2250
2021-04-26 01:22:59.418000,4178.503,4178.099,460,2250
2021-04-26 01:22:59.468000,4178.758,4178.036,2250,2250
2021-04-26 01:22:59.845000,4178.561,4177.833,2250,4190
2021-04-26 01:22:59.896000,4178.567,4177.848,2250,2250
2021-04-26 01:23:23.751000,4178.566,4178.033,460,2250
2021-04-26 01:23:23.801000,4178.752,4178.042,2250,2250
2021-04-26 01:23:29.280000,4178.555,4177.833,2250,4190
2021-04-26 01:23:29.331000,4178.567,4177.836,2250,2250
2021-04-26 01:23:55.440000,4178.255,4177.548,2250,4190
2021-04-26 01:23:55.491000,4178.264,4177.545,2250,2250
2021-04-26 01:23:58.497000,4178.251,4177.854,460,2250
2021-04-26 01:23:58.548000,4178.501,4177.833,2250,2250
2021-04-26 01:24:02.152000,4178.252,4177.542,2250,4190
2021-04-26 01:24:02.203000,4178.201,4177.545,2250,2250
2021-04-26 01:24:02.475000,4178.203,4177.748,460,2250
2021-04-26 01:24:02.526000,4178.461,4177.748,2250,2250
2021-04-26 01:24:02.660000,4178.264,4177.539,2250,4190
2021-04-26 01:24:02.711000,4178.246,4177.539,2250,2250
2021-04-26 01:24:03.145000,4178.257,4177.736,460,2250
2021-04-26 01:24:03.195000,4178.467,4177.739,2250,2250
2021-04-26 01:24:03.470000,4178.249,4177.536,2250,4190
2021-04-26 01:24:03.520000,4178.252,4177.599,2250,2250
2021-04-26 01:24:05.430000,4178.26,4177.839,460,2250
2021-04-26 01:24:05.480000,4178.555,4177.836,2250,2250
2021-04-26 01:24:08.494000,4178.467,4177.751,2250,4190
2021-04-26 01:24:08.544000,4178.461,4177.736,2250,2250
2021-04-26 01:24:08.809000,4178.466,4177.854,460,2250
2021-04-26 01:24:08.860000,4178.555,4177.839,2250,2250
2021-04-26 01:24:10.931000,4178.258,4177.548,2250,4190
2021-04-26 01:24:10.982000,4178.258,4177.545,2250,2250
2021-04-26 01:24:22.121000,4178.052,4177.333,2250,4190
2021-04-26 01:24:22.171000,4178.067,4177.354,2250,2250
2021-04-26 01:24:22.453000,4177.763,4177.351,460,2250
2021-04-26 01:24:22.503000,4177.758,4177.051,2250,2250
2021-04-26 01:24:24.453000,4177.76,4177.348,460,2250
2021-04-26 01:24:24.503000,4178.046,4177.348,2250,2250
2021-04-26 01:24:27.874000,4178.069,4177.448,460,2250
2021-04-26 01:24:27.924000,4178.146,4177.499,2250,2250
2021-04-26 01:24:28.036000,4178.046,4177.399,2250,4190
2021-04-26 01:24:28.087000,4178.049,4177.354,2250,2250
2021-04-26 01:24:35.673000,4177.758,4177.039,2250,4190
2021-04-26 01:24:35.724000,4177.764,4177.033,2250,2250
2021-04-26 01:24:41.031000,4177.703,4177.354,460,2250
2021-04-26 01:24:41.081000,4178.055,4177.333,2250,2250
2021-04-26 01:24:51.535000,4178.057,4177.554,460,2250
2021-04-26 01:24:51.586000,4178.249,4177.599,2250,2250
2021-04-26 01:24:56.414000,4178.254,4177.848,460,2250
2021-04-26 01:24:56.464000,4178.546,4177.851,2250,2250
2021-04-26 01:24:59.983000,4178.261,4177.536,2250,4190
2021-04-26 01:25:00.034000,4178.267,4177.554,2250,2250
2021-04-26 01:25:02.413000,4178.263,4177.833,460,2250
2021-04-26 01:25:02.463000,4178.552,4177.899,2250,2250
2021-04-26 01:25:03.697000,4178.201,4177.542,2250,4190
2021-04-26 01:25:03.747000,4178.246,4177.548,2250,2250
2021-04-26 01:25:07.262000,4178.269,4177.851,460,2250
2021-04-26 01:25:07.313000,4178.546,4177.836,2250,2250
2021-04-26 01:25:09.841000,4178.455,4177.748,2250,4190
2021-04-26 01:25:09.891000,4178.467,4177.748,2250,2250
2021-04-26 01:25:10.151000,4178.466,4177.836,460,2250
2021-04-26 01:25:10.201000,4178.546,4177.851,2250,2250
2021-04-26 01:25:10.312000,4178.461,4177.745,2250,4190
2021-04-26 01:25:10.362000,4178.461,4177.733,2250,2250
2021-04-26 01:25:10.471000,4178.469,4177.842,460,2250
2021-04-26 01:25:10.522000,4178.549,4177.851,2250,2250
2021-04-26 01:25:13.119000,4178.503,4178.033,460,2250
2021-04-26 01:25:13.170000,4178.767,4178.033,2250,2250
2021-04-26 01:25:13.438000,4178.555,4177.833,2250,4190
2021-04-26 01:25:13.489000,4178.555,4177.845,2250,2250
2021-04-26 01:25:15.543000,4178.554,4178.054,460,2250
2021-04-26 01:25:15.593000,4178.752,4178.042,2250,2250
2021-04-26 01:25:29.764000,4178.546,4177.848,2250,4190
2021-04-26 01:25:29.815000,4178.549,4177.851,2250,2250
2021-04-26 01:25:34.115000,4178.548,4178.048,460,2250
2021-04-26 01:25:34.166000,4178.701,4178.048,2250,2250
2021-04-26 01:25:41.957000,4178.766,4178.336,460,2250
2021-04-26 01:25:42.007000,4179.061,4178.342,2250,2250
2021-04-26 01:25:42.603000,4178.946,4178.254,2250,4190
2021-04-26 01:25:42.653000,4178.955,4178.245,2250,2250
2021-04-26 01:25:43.259000,4178.752,4178.048,2250,4190
2021-04-26 01:25:43.309000,4178.752,4178.099,2250,2250
2021-04-26 01:25:56.204000,4178.646,4177.945,2250,4190
2021-04-26 01:25:56.255000,4178.601,4177.948,2250,2250
2021-04-26 01:25:57.778000,4178.664,4177.948,2250,4190
2021-04-26 01:25:57.829000,4178.764,4178.099,2250,2250
2021-04-26 01:26:04.340000,4178.751,4178.242,460,2250
2021-04-26 01:26:04.390000,4178.949,4178.236,2250,2250
2021-04-26 01:26:04.502000,4178.963,4178.333,460,2250
2021-04-26 01:26:04.552000,4179.049,4178.348,2250,2250
2021-04-26 01:26:05.122000,4178.701,4178.042,2250,4190
2021-04-26 01:26:05.172000,4178.755,4178.051,2250,2250
2021-04-26 01:26:09.069000,4178.754,4178.345,460,2250
2021-04-26 01:26:09.119000,4179.064,4178.354,2250,2250
2021-04-26 01:26:12.318000,4178.949,4178.254,2250,4190
2021-04-26 01:26:12.369000,4178.949,4178.254,2250,2250
2021-04-26 01:26:13.001000,4178.903,4178.399,460,2250
2021-04-26 01:26:13.051000,4179.052,4178.342,2250,2250
2021-04-26 01:26:13.496000,4178.755,4178.042,2250,4190
2021-04-26 01:26:13.546000,4178.758,4178.048,2250,2250
2021-04-26 01:26:34.975000,4178.548,4178.048,460,2250
2021-04-26 01:26:35.026000,4178.561,4177.839,2250,2250
2021-04-26 01:26:47.197000,4178.548,4178.042,460,2250
2021-04-26 01:26:47.247000,4178.752,4178.048,2250,2250
2021-04-26 01:26:48.386000,4178.558,4177.833,2250,4190
2021-04-26 01:26:48.436000,4178.552,4177.845,2250,2250
2021-04-26 01:26:50.059000,4178.566,4177.945,460,2250
2021-04-26 01:26:50.109000,4178.652,4177.933,2250,2250
2021-04-26 01:26:50.227000,4178.552,4177.851,2250,4190
2021-04-26 01:26:50.277000,4178.549,4177.836,2250,2250
2021-04-26 01:26:55.565000,4178.551,4177.951,460,2250
2021-04-26 01:26:55.616000,4178.655,4177.945,2250,2250
2021-04-26 01:26:55.907000,4178.549,4177.833,2250,4190
2021-04-26 01:26:55.958000,4178.552,4177.839,2250,2250
2021-04-26 01:26:56.709000,4178.563,4177.951,460,2250
2021-04-26 01:26:56.760000,4178.661,4177.999,2250,2250
2021-04-26 01:26:57.883000,4178.561,4177.836,2250,4190
2021-04-26 01:26:57.934000,4178.552,4177.854,2250,2250
2021-04-26 01:26:58.045000,4178.56,4177.933,460,2250
2021-04-26 01:26:58.096000,4178.652,4177.945,2250,2250
2021-04-26 01:27:00.032000,4178.501,4177.833,2250,2250
2021-04-26 01:27:00.509000,4178.749,4178.099,2250,2250
2021-04-26 01:27:02.445000,4179.001,4178.333,2250,2250
2021-04-26 01:27:02.986000,4178.764,4178.033,2250,4190
2021-04-26 01:27:03.037000,4178.761,4178.042,2250,2250
2021-04-26 01:27:12.552000,4178.546,4177.848,2250,4190
2021-04-26 01:27:12.602000,4178.561,4177.845,2250,2250
2021-04-26 01:27:20.038000,4178.758,4178.054,2250,2250
2021-04-26 01:27:28.867000,4178.501,4177.854,2250,4190
2021-04-26 01:27:28.918000,4178.501,4177.851,2250,2250
2021-04-26 01:27:31.348000,4178.557,4178.099,460,2250
2021-04-26 01:27:31.398000,4178.758,4178.054,2250,2250
2021-04-26 01:27:56.416000,4178.564,4177.899,2250,4190
2021-04-26 01:27:56.466000,4178.558,4177.833,2250,2250
2021-04-26 01:27:58.625000,4178.554,4178.054,460,2250
2021-04-26 01:27:58.676000,4178.746,4178.039,2250,2250
2021-04-26 01:27:59.392000,4178.501,4177.842,2250,4190
2021-04-26 01:27:59.443000,4178.558,4177.845,2250,2250
2021-04-26 01:28:00.199000,4178.557,4177.942,460,2250
2021-04-26 01:28:00.249000,4178.652,4177.939,2250,2250
2021-04-26 01:28:00.555000,4178.654,4178.045,460,2250
2021-04-26 01:28:00.606000,4178.749,4178.048,2250,2250
2021-04-26 01:28:03.946000,4178.561,4177.851,2250,4190
2021-04-26 01:28:03.996000,4178.558,4177.845,2250,2250
2021-04-26 01:28:05.730000,4178.554,4177.999,460,2250
2021-04-26 01:28:05.780000,4178.649,4177.999,2250,2250
2021-04-26 01:28:05.892000,4178.546,4177.833,2250,4190
2021-04-26 01:28:05.942000,4178.546,4177.839,2250,2250
2021-04-26 01:28:16.317000,4178.566,4178.036,460,2250
2021-04-26 01:28:16.367000,4178.767,4178.051,2250,2250
2021-04-26 01:28:16.801000,4178.549,4177.899,2250,4190
2021-04-26 01:28:16.851000,4178.552,4177.848,2250,2250
2021-04-26 01:28:18.513000,4178.554,4178.048,460,2250
2021-04-26 01:28:18.564000,4178.758,4178.051,2250,2250
2021-04-26 01:28:29.568000,4178.561,4177.854,2250,4190
2021-04-26 01:28:29.619000,4178.546,4177.839,2250,2250
2021-04-26 01:28:29.732000,4178.267,4177.536,2250,4190
2021-04-26 01:28:29.782000,4178.264,4177.542,2250,2250
2021-04-26 01:28:46.031000,4178.254,4177.851,460,2250
2021-04-26 01:28:46.081000,4178.549,4177.854,2250,2250
2021-04-26 01:29:03.284000,4178.569,4178.036,460,2250
2021-04-26 01:29:03.335000,4178.701,4178.033,2250,2250
2021-04-26 01:29:03.445000,4178.552,4177.836,2250,4190
2021-04-26 01:29:03.495000,4178.501,4177.836,2250,2250
2021-04-26 01:29:07.873000,4178.563,4178.099,460,2250
2021-04-26 01:29:07.923000,4178.752,4178.036,2250,2250
2021-04-26 01:29:10.659000,4178.658,4177.954,2250,4190
2021-04-26 01:29:10.709000,4178.664,4177.951,2250,2250
2021-04-26 01:29:10.820000,4178.663,4178.048,460,2250
2021-04-26 01:29:10.870000,4178.752,4178.099,2250,2250
2021-04-26 01:29:11.752000,4178.567,4177.899,2250,4190
2021-04-26 01:29:11.802000,4178.567,4177.839,2250,2250
2021-04-26 01:29:17.309000,4178.557,4178.039,460,2250
2021-04-26 01:29:17.360000,4178.749,4178.051,2250,2250
2021-04-26 01:29:43.923000,4178.766,4178.348,460,2250
2021-04-26 01:29:43.974000,4179.067,4178.399,2250,2250
2021-04-26 01:29:45.669000,4178.701,4178.048,2250,4190
2021-04-26 01:29:45.720000,4178.764,4178.048,2250,2250
2021-04-26 01:29:48.790000,4178.751,4178.345,460,2250
2021-04-26 01:29:48.841000,4179.001,4178.336,2250,2250
2021-04-26 01:29:52.514000,4178.755,4178.036,2250,4190
2021-04-26 01:29:52.564000,4178.767,4178.039,2250,2250
2021-04-26 01:30:01.102000,4178.748,4178.348,460,2250
2021-04-26 01:30:01.152000,4179.001,4178.399,2250,2250
2021-04-26 01:30:02.814000,4178.749,4178.039,2250,4190
2021-04-26 01:30:02.865000,4178.746,4178.099,2250,2250
2021-04-26 01:30:03.138000,4178.76,4178.345,460,2250
2021-04-26 01:30:03.188000,4179.055,4178.348,2250,2250
2021-04-26 01:30:13.836000,4179.054,4178.548,460,2250
2021-04-26 01:30:13.886000,4179.267,4178.536,2250,2250
2021-04-26 01:30:22.693000,4179.061,4178.345,2250,4190
2021-04-26 01:30:22.743000,4179.049,4178.351,2250,2250
2021-04-26 01:30:25.374000,4179.051,4178.536,460,2250
2021-04-26 01:30:25.424000,4179.267,4178.533,2250,2250
2021-04-26 01:30:25.534000,4179.169,4178.539,460,2250
2021-04-26 01:30:25.585000,4179.146,4178.445,2250,2250
2021-04-26 01:30:25.700000,4179.166,4178.548,460,2250
2021-04-26 01:30:25.751000,4179.267,4178.542,2250,2250
2021-04-26 01:30:26.338000,4179.061,4178.345,2250,4190
2021-04-26 01:30:26.389000,4179.049,4178.333,2250,2250
2021-04-26 01:30:27.022000,4179.057,4178.536,460,2250
2021-04-26 01:30:27.073000,4179.267,4178.599,2250,2250
2021-04-26 01:30:28.040000,4179.067,4178.336,2250,4190
2021-04-26 01:30:28.090000,4179.064,4178.399,2250,2250
2021-04-26 01:30:31.797000,4178.701,4178.048,2250,4190
2021-04-26 01:30:31.847000,4178.764,4178.054,2250,2250
2021-04-26 01:30:32.282000,4178.546,4177.839,2250,4190
2021-04-26 01:30:32.332000,4178.501,4177.842,2250,2250
2021-04-26 01:30:41.783000,4178.261,4177.551,2250,4190
2021-04-26 01:30:41.833000,4178.255,4177.554,2250,2250
2021-04-26 01:30:42.750000,4178.055,4177.342,2250,4190
2021-04-26 01:30:42.801000,4178.067,4177.399,2250,2250
2021-04-26 01:30:45.649000,4178.003,4177.542,460,2250
2021-04-26 01:30:45.700000,4178.267,4177.542,2250,2250
2021-04-26 01:30:53.556000,4178.26,4177.848,460,2250
2021-04-26 01:30:53.606000,4178.561,4177.845,2250,2250
2021-04-26 01:30:54.038000,4178.464,4177.739,2250,4190
2021-04-26 01:30:54.089000,4178.464,4177.739,2250,2250
2021-04-26 01:30:54.201000,4178.451,4177.845,460,2250
2021-04-26 01:30:54.252000,4178.564,4177.848,2250,2250
2021-04-26 01:30:54.363000,4178.452,4177.739,2250,4190
2021-04-26 01:30:54.414000,4178.401,4177.754,2250,2250
2021-04-26 01:30:54.686000,4178.267,4177.542,2250,4190
2021-04-26 01:30:54.736000,4178.267,4177.536,2250,2250
2021-04-26 01:31:02.808000,4178.055,4177.333,2250,4190
2021-04-26 01:31:02.858000,4178.052,4177.399,2250,2250
2021-04-26 01:31:03.123000,4177.749,4177.036,2250,4190
2021-04-26 01:31:03.173000,4177.701,4177.051,2250,2250
2021-04-26 01:31:04.038000,4177.758,4177.045,2250,4190
2021-04-26 01:31:04.088000,4178.046,4177.342,2250,2250
2021-04-26 01:31:24.884000,4177.761,4177.033,2250,4190
2021-04-26 01:31:24.935000,4177.701,4177.042,2250,2250
2021-04-26 01:31:29.116000,4177.769,4177.339,460,2250
2021-04-26 01:31:29.166000,4178.046,4177.336,2250,2250
2021-04-26 01:31:30.244000,4178.066,4177.533,460,2250
2021-04-26 01:31:30.294000,4178.252,4177.536,2250,2250
2021-04-26 01:31:48.999000,4178.263,4177.854,460,2250
2021-04-26 01:31:49.050000,4178.552,4177.845,2250,2250
2021-04-26 01:32:00.520000,4178.557,4178.042,460,2250
2021-04-26 01:32:00.570000,4178.758,4178.042,2250,2250
2021-04-26 01:32:01.974000,4178.567,4177.836,2250,4190
2021-04-26 01:32:02.025000,4178.555,4177.842,2250,2250
2021-04-26 01:32:02.779000,4178.563,4178.042,460,2250
2021-04-26 01:32:02.830000,4178.761,4178.042,2250,2250
2021-04-26 01:32:03.906000,4178.667,4177.951,2250,2250
2021-04-26 01:32:04.075000,4178.549,4177.851,2250,4190
2021-04-26 01:32:04.125000,4178.549,4177.854,2250,2250
2021-04-26 01:32:12.480000,4178.258,4177.551,2250,4190
2021-04-26 01:32:12.530000,4178.255,4177.545,2250,2250
2021-04-26 01:32:13.288000,4178.267,4177.551,2250,4190
2021-04-26 01:32:13.338000,4178.558,4177.836,2250,2250
2021-04-26 01:32:14.577000,4178.258,4177.536,2250,4190
2021-04-26 01:32:14.628000,4178.267,4177.545,2250,2250
2021-04-26 01:32:22.134000,4178.251,4177.842,460,2250
2021-04-26 01:32:22.184000,4178.567,4177.851,2250,2250
2021-04-26 01:32:22.457000,4178.246,4177.554,2250,4190
2021-04-26 01:32:22.507000,4178.261,4177.599,2250,2250
2021-04-26 01:32:22.618000,4178.263,4177.833,460,2250
2021-04-26 01:32:22.669000,4178.564,4177.851,2250,2250
2021-04-26 01:32:31.011000,4178.466,4177.833,460,2250
2021-04-26 01:32:31.061000,4178.458,4177.751,2250,2250
2021-04-26 01:32:31.171000,4178.258,4177.551,2250,4190
2021-04-26 01:32:31.222000,4178.261,4177.599,2250,2250
2021-04-26 01:32:56.608000,4178.057,4177.539,460,2250
2021-04-26 01:32:56.658000,4178.046,4177.348,2250,2250
2021-04-26 01:32:57.836000,4177.901,4177.242,2250,4190
2021-04-26 01:32:57.887000,4177.952,4177.248,2250,2250
2021-04-26 01:32:58.330000,4177.963,4177.345,460,2250
2021-04-26 01:32:58.381000,4178.061,4177.342,2250,2250
2021-04-26 01:32:58.831000,4177.949,4177.233,2250,4190
2021-04-26 01:32:58.881000,4177.967,4177.233,2250,2250
2021-04-26 01:32:58.992000,4177.752,4177.039,2250,4190
2021-04-26 01:32:59.042000,4177.752,4177.036,2250,2250
2021-04-26 01:32:59.834000,4177.503,4177.054,460,2250
2021-04-26 01:32:59.884000,4177.501,4176.833,2250,2250
2021-04-26 01:33:02.800000,4177.551,4177.039,460,2250
2021-04-26 01:33:02.850000,4177.752,4177.036,2250,2250
2021-04-26 01:33:02.960000,4177.555,4176.842,2250,4190
2021-04-26 01:33:03.011000,4177.501,4176.842,2250,2250
2021-04-26 01:33:04.092000,4177.548,4176.999,460,2250
2021-04-26 01:33:04.143000,4177.601,4176.954,2250,2250
2021-04-26 01:33:04.254000,4177.752,4177.036,2250,2250
2021-04-26 01:33:04.415000,4177.555,4176.899,2250,4190
2021-04-26 01:33:04.465000,4177.546,4176.899,2250,2250
2021-04-26 01:33:04.576000,4177.551,4177.045,460,2250
2021-04-26 01:33:04.626000,4177.755,4177.033,2250,2250
2021-04-26 01:33:05.979000,4177.564,4176.836,2250,4190
2021-04-26 01:33:06.030000,4177.552,4176.899,2250,2250
2021-04-26 01:33:06.625000,4177.551,4176.933,460,2250
2021-04-26 01:33:06.675000,4177.646,4176.939,2250,2250
2021-04-26 01:33:06.948000,4177.663,4177.099,460,2250
2021-04-26 01:33:06.998000,4177.755,4177.054,2250,2250
2021-04-26 01:33:07.110000,4177.546,4176.851,2250,4190
2021-04-26 01:33:07.160000,4177.567,4176.833,2250,2250
2021-04-26 01:33:07.541000,4177.557,4177.039,460,2250
2021-04-26 01:33:07.591000,4177.701,4177.054,2250,2250
2021-04-26 01:33:13.052000,4177.546,4176.842,2250,4190
2021-04-26 01:33:13.102000,4177.564,4176.836,2250,2250
2021-04-26 01:33:13.534000,4177.548,4176.951,460,2250
