2021-04-16 00:00:03.783000,4170.552,4170.14,2250,890
2021-04-16 00:00:03.834000,4170.546,4169.851,2250,2250
2021-04-16 00:00:04.104000,4170.746,4169.849,3610,4190
2021-04-16 00:00:04.154000,4170.761,4170.051,2250,2250
2021-04-16 00:00:04.262000,4170.549,4170.037,2250,890
2021-04-16 00:00:04.312000,4170.558,4169.851,2250,2250
2021-04-16 00:00:04.424000,4170.858,4169.837,3610,4190
2021-04-16 00:00:04.475000,4170.867,4170.133,2250,2250
2021-04-16 00:00:06.682000,4170.558,4170.197,2250,890
2021-04-16 00:00:06.733000,4170.549,4169.851,2250,2250
2021-04-16 00:00:09.059000,4170.501,4169.343,3610,4190
2021-04-16 00:00:09.215000,4170.067,4169.342,2250,2250
2021-04-16 00:00:12.948000,4169.849,4169.349,2250,890
2021-04-16 00:00:12.998000,4169.864,4169.199,2250,2250
2021-04-16 00:00:13.267000,4169.555,4169.137,2250,890
2021-04-16 00:00:13.339000,4169.501,4168.836,2250,2250
2021-04-16 00:00:13.588000,4169.858,4168.852,3610,4190
2021-04-16 00:00:13.638000,4169.801,4169.199,2250,2250
2021-04-16 00:00:17.389000,4169.549,4169.131,2250,890
2021-04-16 00:00:17.440000,4169.561,4168.842,2250,2250
2021-04-16 00:00:23.103000,4169.355,4168.834,2250,890
2021-04-16 00:00:23.153000,4169.352,4168.651,2250,2250
2021-04-16 00:00:25.234000,4169.567,4168.649,3610,4190
2021-04-16 00:00:25.284000,4169.546,4168.848,2250,2250
2021-04-16 00:00:27.574000,4169.861,4168.843,3610,4190
2021-04-16 00:00:27.624000,4169.864,4169.154,2250,2250
2021-04-16 00:00:28.215000,4169.549,4169.137,2250,890
2021-04-16 00:00:28.265000,4169.561,4168.851,2250,2250
2021-04-16 00:00:29.902000,4169.858,4168.84,3610,4190
2021-04-16 00:00:29.952000,4169.855,4169.139,2250,2250
2021-04-16 00:00:39.878000,4170.364,4169.134,3610,4190
2021-04-16 00:00:39.928000,4170.367,4169.651,2250,2250
2021-04-16 00:00:40.032000,4170.064,4169.637,2250,890
2021-04-16 00:00:40.082000,4170.067,4169.348,2250,2250
2021-04-16 00:00:40.191000,4170.352,4169.331,3610,4190
2021-04-16 00:00:40.241000,4170.352,4169.648,2250,2250
2021-04-16 00:00:41.572000,4170.558,4169.697,3610,4190
2021-04-16 00:00:41.622000,4170.552,4169.854,2250,2250
2021-04-16 00:00:48.511000,4170.849,4169.834,3610,4190
2021-04-16 00:00:48.562000,4170.846,4170.151,2250,2250
2021-04-16 00:01:01.402000,4170.549,4170.143,2250,890
2021-04-16 00:01:01.453000,4170.564,4169.839,2250,2250
2021-04-16 00:01:08.190000,4170.355,4169.852,2250,890
2021-04-16 00:01:08.240000,4170.367,4169.642,2250,2250
2021-04-16 00:01:08.351000,4170.549,4169.637,3610,4190
2021-04-16 00:01:08.401000,4170.552,4169.833,2250,2250
2021-04-16 00:01:14.458000,4170.358,4169.897,2250,890
2021-04-16 00:01:14.509000,4170.367,4169.654,2250,2250
2021-04-16 00:01:19.626000,4170.549,4169.64,3610,4190
2021-04-16 00:01:19.676000,4170.555,4169.836,2250,2250
2021-04-16 00:01:22.871000,4170.367,4169.837,2250,890
2021-04-16 00:01:22.922000,4170.346,4169.654,2250,2250
2021-04-16 00:01:31.883000,4170.061,4169.652,2250,890
2021-04-16 00:01:31.934000,4170.067,4169.354,2250,2250
2021-04-16 00:01:32.959000,4170.346,4169.34,3610,4190
2021-04-16 00:01:33.009000,4170.361,4169.654,2250,2250
2021-04-16 00:01:34.290000,4170.055,4169.64,2250,890
2021-04-16 00:01:34.340000,4170.064,4169.336,2250,2250
2021-04-16 00:01:40.894000,4170.364,4169.349,3610,4190
2021-04-16 00:01:40.945000,4170.367,4169.699,2250,2250
2021-04-16 00:01:42.337000,4170.501,4169.643,3610,4190
2021-04-16 00:01:42.387000,4170.561,4169.842,2250,2250
2021-04-16 00:01:42.499000,4170.458,4169.849,2250,890
2021-04-16 00:01:42.549000,4170.452,4169.754,2250,2250
2021-04-16 00:01:42.659000,4170.364,4169.752,2250,890
2021-04-16 00:01:42.709000,4170.355,4169.633,2250,2250
2021-04-16 00:01:47.430000,4170.001,4169.643,2250,890
2021-04-16 00:01:47.481000,4170.001,4169.336,2250,2250
2021-04-16 00:02:01.196000,4169.858,4169.343,2250,890
2021-04-16 00:02:01.247000,4169.855,4169.154,2250,2250
2021-04-16 00:02:02.506000,4169.567,4169.146,2250,890
2021-04-16 00:02:02.557000,4169.567,4168.848,2250,2250
2021-04-16 00:02:02.827000,4169.352,4168.852,2250,890
2021-04-16 00:02:02.877000,4169.364,4168.648,2250,2250
2021-04-16 00:02:04.605000,4169.549,4168.643,3610,4190
2021-04-16 00:02:04.655000,4169.567,4168.854,2250,2250
2021-04-16 00:02:05.374000,4169.346,4168.852,2250,890
2021-04-16 00:02:05.424000,4169.352,4168.639,2250,2250
2021-04-16 00:02:05.691000,4169.558,4168.631,3610,4190
2021-04-16 00:02:05.741000,4169.546,4168.836,2250,2250
2021-04-16 00:02:06.365000,4169.361,4168.837,2250,890
2021-04-16 00:02:06.415000,4169.358,4168.654,2250,2250
2021-04-16 00:02:06.732000,4169.555,4168.637,3610,4190
2021-04-16 00:02:06.782000,4169.561,4168.848,2250,2250
2021-04-16 00:02:06.892000,4169.346,4168.834,2250,890
2021-04-16 00:02:06.942000,4169.364,4168.639,2250,2250
2021-04-16 00:02:07.057000,4169.552,4168.64,3610,4190
2021-04-16 00:02:07.107000,4169.555,4168.839,2250,2250
2021-04-16 00:02:16.080000,4169.561,4168.634,3610,4190
2021-04-16 00:02:16.130000,4169.364,4168.633,2250,2250
2021-04-16 00:02:18.111000,4169.046,4168.646,2250,890
2021-04-16 00:02:18.161000,4169.067,4168.348,2250,2250
2021-04-16 00:02:21.923000,4168.858,4168.349,2250,890
2021-04-16 00:02:21.973000,4168.852,4168.154,2250,2250
2021-04-16 00:02:22.404000,4168.555,4168.137,2250,890
2021-04-16 00:02:22.454000,4168.567,4167.836,2250,2250
2021-04-16 00:02:22.724000,4168.849,4167.843,3610,4190
2021-04-16 00:02:22.775000,4168.855,4168.151,2250,2250
2021-04-16 00:02:23.045000,4168.501,4168.131,2250,890
2021-04-16 00:02:23.095000,4168.552,4167.839,2250,2250
2021-04-16 00:02:23.205000,4168.864,4167.852,3610,4190
2021-04-16 00:02:23.255000,4168.864,4168.139,2250,2250
2021-04-16 00:02:27.047000,4169.061,4168.137,3610,4190
2021-04-16 00:02:27.097000,4169.046,4168.342,2250,2250
2021-04-16 00:02:29.729000,4169.349,4168.343,3610,4190
2021-04-16 00:02:29.780000,4169.349,4168.654,2250,2250
2021-04-16 00:02:43.044000,4169.001,4168.631,2250,890
2021-04-16 00:02:43.094000,4169.058,4168.354,2250,2250
2021-04-16 00:02:46.531000,4169.364,4168.334,3610,4190
2021-04-16 00:02:46.581000,4169.301,4168.648,2250,2250
2021-04-16 00:02:55.729000,4169.001,4168.697,2250,890
2021-04-16 00:02:55.780000,4169.058,4168.342,2250,2250
2021-04-16 00:03:01.075000,4168.855,4168.154,2250,2250
2021-04-16 00:03:01.830000,4168.901,4168.197,3610,4190
2021-04-16 00:03:01.880000,4168.967,4168.248,2250,2250
2021-04-16 00:03:01.989000,4169.067,4168.24,3610,4190
2021-04-16 00:03:02.039000,4169.052,4168.399,2250,2250
2021-04-16 00:03:03.174000,4169.055,4168.537,2250,890
2021-04-16 00:03:03.224000,4169.246,4168.533,2250,2250
2021-04-16 00:03:03.333000,4169.301,4168.549,3610,4190
2021-04-16 00:03:03.383000,4169.361,4168.636,2250,2250
2021-04-16 00:03:10.142000,4169.355,4168.843,2250,890
2021-04-16 00:03:10.193000,4169.546,4168.854,2250,2250
2021-04-16 00:03:10.300000,4169.858,4168.834,3610,4190
2021-04-16 00:03:10.350000,4169.858,4169.133,2250,2250
2021-04-16 00:03:11.951000,4169.558,4169.149,2250,890
2021-04-16 00:03:12.001000,4169.552,4168.839,2250,2250
2021-04-16 00:03:13.248000,4169.758,4168.897,3610,4190
2021-04-16 00:03:13.311000,4169.701,4169.054,2250,2250
2021-04-16 00:03:13.361000,4169.558,4168.836,2250,2250
2021-04-16 00:03:27.290000,4169.861,4168.831,3610,4190
2021-04-16 00:03:27.340000,4169.855,4169.154,2250,2250
2021-04-16 00:03:32.043000,4169.501,4169.152,2250,890
2021-04-16 00:03:32.093000,4169.564,4168.833,2250,2250
2021-04-16 00:03:36.156000,4169.855,4168.852,3610,4190
2021-04-16 00:03:36.206000,4169.858,4169.139,2250,2250
2021-04-16 00:03:56.499000,4170.067,4169.152,3610,4190
2021-04-16 00:03:56.549000,4170.052,4169.399,2250,2250
2021-04-16 00:04:01.208000,4169.901,4169.337,2250,890
2021-04-16 00:04:01.258000,4169.952,4169.251,2250,2250
2021-04-16 00:04:01.369000,4169.846,4169.249,2250,890
2021-04-16 00:04:01.419000,4169.858,4169.199,2250,2250
2021-04-16 00:04:03.903000,4170.058,4169.134,3610,4190
2021-04-16 00:04:03.953000,4170.046,4169.399,2250,2250
2021-04-16 00:04:12.960000,4169.801,4169.34,2250,890
2021-04-16 00:04:13.010000,4169.861,4169.151,2250,2250
2021-04-16 00:04:13.365000,4170.055,4169.152,3610,4190
2021-04-16 00:04:13.415000,4170.055,4169.351,2250,2250
2021-04-16 00:04:13.686000,4169.961,4169.346,2250,890
2021-04-16 00:04:13.736000,4169.958,4169.236,2250,2250
2021-04-16 00:04:14.625000,4169.858,4169.246,2250,890
2021-04-16 00:04:14.676000,4169.858,4169.136,2250,2250
2021-04-16 00:04:16.117000,4170.055,4169.146,3610,4190
2021-04-16 00:04:16.167000,4170.064,4169.336,2250,2250
2021-04-16 00:04:25.560000,4169.861,4169.331,2250,890
2021-04-16 00:04:25.611000,4169.852,4169.139,2250,2250
2021-04-16 00:04:26.560000,4170.067,4169.134,3610,4190
2021-04-16 00:04:26.611000,4170.001,4169.399,2250,2250
2021-04-16 00:04:34.160000,4170.352,4169.34,3610,4190
2021-04-16 00:04:34.211000,4170.349,4169.633,2250,2250
2021-04-16 00:04:37.536000,4170.061,4169.646,2250,890
2021-04-16 00:04:37.586000,4170.061,4169.345,2250,2250
2021-04-16 00:04:57.841000,4169.849,4169.331,2250,890
2021-04-16 00:04:57.892000,4169.867,4169.142,2250,2250
2021-04-16 00:05:04.312000,4169.564,4169.134,2250,890
2021-04-16 00:05:04.362000,4169.561,4168.833,2250,2250
2021-04-16 00:05:27.805000,4169.361,4168.843,2250,890
2021-04-16 00:05:27.856000,4169.367,4168.699,2250,2250
2021-04-16 00:05:28.525000,4169.461,4168.643,3610,4190
2021-04-16 00:05:28.576000,4169.449,4168.799,2250,2250
2021-04-16 00:05:28.686000,4169.349,4168.746,2250,890
2021-04-16 00:05:28.737000,4169.361,4168.639,2250,2250
2021-04-16 00:05:31.948000,4169.549,4168.637,3610,4190
2021-04-16 00:05:31.998000,4169.501,4168.842,2250,2250
2021-04-16 00:05:32.705000,4169.349,4168.834,2250,890
2021-04-16 00:05:32.756000,4169.301,4168.648,2250,2250
2021-04-16 00:05:33.504000,4169.558,4168.649,3610,4190
2021-04-16 00:05:33.554000,4169.501,4168.839,2250,2250
2021-04-16 00:05:34.143000,4169.301,4168.846,2250,890
2021-04-16 00:05:34.193000,4169.361,4168.654,2250,2250
2021-04-16 00:05:36.283000,4169.552,4168.631,3610,4190
2021-04-16 00:05:36.333000,4169.555,4168.899,2250,2250
2021-04-16 00:05:42.492000,4169.446,4168.897,2250,890
2021-04-16 00:05:42.542000,4169.401,4168.751,2250,2250
2021-04-16 00:05:42.645000,4169.355,4168.746,2250,890
2021-04-16 00:05:42.695000,4169.346,4168.639,2250,2250
2021-04-16 00:05:42.878000,4169.564,4168.64,3610,4190
2021-04-16 00:05:42.928000,4169.564,4168.899,2250,2250
2021-04-16 00:05:49.496000,4169.858,4168.852,3610,4190
2021-04-16 00:05:49.546000,4169.801,4169.199,2250,2250
2021-04-16 00:05:50.791000,4169.552,4169.146,2250,890
2021-04-16 00:05:50.841000,4169.549,4168.899,2250,2250
2021-04-16 00:06:04.843000,4169.361,4168.897,2250,890
2021-04-16 00:06:04.893000,4169.355,4168.651,2250,2250
2021-04-16 00:06:09.336000,4169.061,4168.634,2250,890
2021-04-16 00:06:09.386000,4169.052,4168.333,2250,2250
2021-04-16 00:06:10.029000,4169.364,4168.349,3610,4190
2021-04-16 00:06:10.079000,4169.367,4168.645,2250,2250
2021-04-16 00:06:10.187000,4169.055,4168.637,2250,890
2021-04-16 00:06:10.238000,4169.046,4168.342,2250,2250
2021-04-16 00:06:10.343000,4169.361,4168.34,3610,4190
2021-04-16 00:06:10.393000,4169.364,4168.642,2250,2250
2021-04-16 00:06:10.749000,4169.067,4168.631,2250,890
2021-04-16 00:06:10.800000,4169.058,4168.342,2250,2250
2021-04-16 00:06:28.473000,4169.349,4168.397,3610,4190
2021-04-16 00:06:28.523000,4169.364,4168.642,2250,2250
2021-04-16 00:06:47.332000,4169.049,4168.697,2250,890
2021-04-16 00:06:47.382000,4169.061,4168.399,2250,2250
2021-04-16 00:06:48.463000,4169.361,4168.349,3610,4190
2021-04-16 00:06:48.513000,4169.301,4168.636,2250,2250
2021-04-16 00:07:02.912000,4169.055,4168.643,2250,890
2021-04-16 00:07:02.962000,4169.049,4168.333,2250,2250
2021-04-16 00:07:03.489000,4169.367,4168.349,3610,4190
2021-04-16 00:07:03.540000,4169.346,4168.645,2250,2250
2021-04-16 00:07:10.650000,4169.546,4168.697,3610,4190
2021-04-16 00:07:10.700000,4169.552,4168.848,2250,2250
2021-04-16 00:07:17.522000,4169.346,4168.849,2250,890
2021-04-16 00:07:17.572000,4169.358,4168.639,2250,2250
2021-04-16 00:07:17.844000,4169.558,4168.64,3610,4190
2021-04-16 00:07:17.894000,4169.501,4168.899,2250,2250
2021-04-16 00:07:18.232000,4169.352,4168.639,2250,2250
2021-04-16 00:07:32.040000,4169.555,4168.634,3610,4190
2021-04-16 00:07:32.090000,4169.501,4168.833,2250,2250
2021-04-16 00:07:35.414000,4169.358,4168.852,2250,890
2021-04-16 00:07:35.464000,4169.301,4168.648,2250,2250
2021-04-16 00:07:35.947000,4169.546,4168.634,3610,4190
2021-04-16 00:07:35.998000,4169.501,4168.899,2250,2250
2021-04-16 00:07:36.106000,4169.558,4168.649,3610,4190
2021-04-16 00:07:36.157000,4169.346,4168.642,2250,2250
2021-04-16 00:07:37.938000,4169.455,4168.736,2250,2250
2021-04-16 00:07:38.099000,4169.361,4168.743,2250,890
2021-04-16 00:07:38.149000,4169.352,4168.636,2250,2250
2021-04-16 00:07:55.282000,4169.067,4168.399,2250,2250
2021-04-16 00:08:00.416000,4168.855,4168.334,2250,890
2021-04-16 00:08:00.467000,4168.846,4168.133,2250,2250
2021-04-16 00:08:02.883000,4168.552,4168.137,2250,890
2021-04-16 00:08:02.934000,4168.558,4167.899,2250,2250
2021-04-16 00:08:03.043000,4168.852,4167.84,3610,4190
2021-04-16 00:08:03.093000,4168.864,4168.154,2250,2250
2021-04-16 00:08:15.302000,4168.501,4168.143,2250,890
2021-04-16 00:08:15.352000,4168.567,4167.842,2250,2250
2021-04-16 00:08:30.987000,4168.746,4167.897,3610,4190
2021-04-16 00:08:31.037000,4168.746,4168.033,2250,2250
2021-04-16 00:08:31.147000,4168.846,4168.043,3610,4190
2021-04-16 00:08:31.197000,4168.861,4168.142,2250,2250
2021-04-16 00:08:32.130000,4168.755,4168.152,2250,890
2021-04-16 00:08:32.181000,4168.758,4168.036,2250,2250
2021-04-16 00:08:32.290000,4168.567,4168.037,2250,890
2021-04-16 00:08:32.340000,4168.558,4167.836,2250,2250
2021-04-16 00:08:38.446000,4168.801,4167.849,3610,4190
2021-04-16 00:08:38.496000,4168.849,4168.142,2250,2250
2021-04-16 00:08:52.825000,4168.301,4168.197,2250,890
2021-04-16 00:08:52.875000,4168.867,4168.136,2250,2250
2021-04-16 00:08:57.412000,4168.955,4168.197,3610,4190
2021-04-16 00:08:57.462000,4168.961,4168.233,2250,2250
2021-04-16 00:08:57.574000,4168.867,4168.252,2250,890
2021-04-16 00:08:57.624000,4168.864,4168.136,2250,2250
2021-04-16 00:09:44.141000,4169.046,4168.137,3610,4190
2021-04-16 00:09:44.191000,4169.061,4168.339,2250,2250
2021-04-16 00:09:47.401000,4168.858,4168.334,2250,890
2021-04-16 00:09:47.452000,4168.864,4168.151,2250,2250
2021-04-16 00:09:52.006000,4168.558,4168.131,2250,890
2021-04-16 00:09:52.057000,4168.555,4167.851,2250,2250
2021-04-16 00:10:01.765000,4168.801,4167.831,3610,4190
2021-04-16 00:10:01.816000,4168.861,4168.136,2250,2250
2021-04-16 00:10:30.716000,4168.549,4168.149,2250,890
2021-04-16 00:10:30.766000,4168.564,4167.848,2250,2250
2021-04-16 00:11:03.353000,4168.355,4167.831,2250,890
2021-04-16 00:11:03.404000,4168.352,4167.645,2250,2250
2021-04-16 00:11:04.474000,4168.501,4167.652,3610,4190
2021-04-16 00:11:04.524000,4168.558,4167.839,2250,2250
2021-04-16 00:11:24.565000,4168.864,4167.849,3610,4190
2021-04-16 00:11:24.615000,4168.861,4168.133,2250,2250
2021-04-16 00:11:31.195000,4168.755,4168.137,2250,890
2021-04-16 00:11:31.246000,4168.767,4168.048,2250,2250
2021-04-16 00:11:31.355000,4168.567,4168.052,2250,890
2021-04-16 00:11:31.406000,4168.567,4167.842,2250,2250
2021-04-16 00:11:46.320000,4168.301,4167.843,2250,890
2021-04-16 00:11:46.370000,4168.349,4167.651,2250,2250
2021-04-16 00:11:48.792000,4168.049,4167.652,2250,890
2021-04-16 00:11:48.842000,4168.064,4167.348,2250,2250
2021-04-16 00:12:01.237000,4167.846,4167.34,2250,890
2021-04-16 00:12:01.288000,4167.855,4167.199,2250,2250
2021-04-16 00:12:01.563000,4167.546,4166.842,2250,2250
2021-04-16 00:12:02.040000,4167.864,4166.831,3610,4190
2021-04-16 00:12:02.090000,4167.861,4167.154,2250,2250
2021-04-16 00:12:03.691000,4168.049,4167.149,3610,4190
2021-04-16 00:12:03.741000,4168.067,4167.351,2250,2250
2021-04-16 00:12:05.705000,4168.301,4167.34,3610,4190
2021-04-16 00:12:05.756000,4168.352,4167.699,2250,2250
2021-04-16 00:12:07.860000,4168.001,4167.351,2250,2250
2021-04-16 00:12:12.596000,4167.958,4167.331,2250,890
2021-04-16 00:12:12.646000,4167.946,4167.299,2250,2250
2021-04-16 00:12:13.085000,4168.049,4167.237,3610,4190
2021-04-16 00:12:13.136000,4168.049,4167.342,2250,2250
2021-04-16 00:12:13.406000,4167.858,4167.352,2250,890
2021-04-16 00:12:13.456000,4167.801,4167.151,2250,2250
2021-04-16 00:12:15.313000,4168.052,4167.146,3610,4190
2021-04-16 00:12:15.363000,4168.064,4167.351,2250,2250
2021-04-16 00:12:19.155000,4167.864,4167.352,2250,890
2021-04-16 00:12:19.205000,4167.858,4167.136,2250,2250
2021-04-16 00:12:19.842000,4167.964,4167.137,3610,4190
2021-04-16 00:12:19.892000,4167.946,4167.254,2250,2250
2021-04-16 00:12:20.003000,4167.852,4167.297,2250,890
2021-04-16 00:12:20.053000,4167.801,4167.145,2250,2250
2021-04-16 00:12:23.229000,4168.064,4167.14,3610,4190
2021-04-16 00:12:23.279000,4168.055,4167.348,2250,2250
2021-04-16 00:12:24.263000,4167.855,4167.343,2250,890
2021-04-16 00:12:24.313000,4167.852,4167.154,2250,2250
2021-04-16 00:12:31.538000,4167.864,4167.34,2250,890
2021-04-16 00:12:31.588000,4168.064,4167.348,2250,2250
2021-04-16 00:12:50.778000,4168.364,4167.334,3610,4190
2021-04-16 00:12:50.828000,4168.358,4167.636,2250,2250
2021-04-16 00:12:58.888000,4168.346,4167.352,3610,4190
2021-04-16 00:12:58.939000,4168.052,4167.351,2250,2250
2021-04-16 00:13:02.405000,4167.864,4167.397,2250,890
2021-04-16 00:13:02.455000,4167.861,4167.148,2250,2250
2021-04-16 00:13:44.072000,4168.061,4167.149,3610,4190
2021-04-16 00:13:44.122000,4168.001,4167.339,2250,2250
2021-04-16 00:14:02.027000,4167.861,4167.349,2250,890
2021-04-16 00:14:02.078000,4167.846,4167.139,2250,2250
2021-04-16 00:14:10.159000,4168.055,4167.146,3610,4190
2021-04-16 00:14:10.209000,4168.061,4167.351,2250,2250
2021-04-16 00:14:10.482000,4167.867,4167.346,2250,890
2021-04-16 00:14:10.533000,4167.849,4167.151,2250,2250
2021-04-16 00:14:10.641000,4167.952,4167.152,3610,4190
2021-04-16 00:14:10.692000,4167.955,4167.254,2250,2250
2021-04-16 00:14:10.803000,4167.858,4167.246,2250,890
2021-04-16 00:14:10.854000,4167.852,4167.154,2250,2250
2021-04-16 00:14:19.413000,4167.546,4167.134,2250,890
2021-04-16 00:14:19.463000,4167.561,4166.848,2250,2250
2021-04-16 00:14:48.698000,4167.546,4167.197,2250,890
2021-04-16 00:14:48.748000,4167.864,4167.199,2250,2250
2021-04-16 00:14:50.012000,4167.549,4167.197,2250,890
2021-04-16 00:14:50.062000,4167.567,4166.833,2250,2250
2021-04-16 00:14:52.029000,4167.861,4166.837,3610,4190
2021-04-16 00:14:52.079000,4167.801,4167.139,2250,2250
2021-04-16 00:14:52.508000,4167.752,4167.143,2250,890
2021-04-16 00:14:52.559000,4167.761,4167.042,2250,2250
2021-04-16 00:14:53.505000,4167.549,4167.097,2250,890
2021-04-16 00:14:53.555000,4167.567,4166.845,2250,2250
2021-04-16 00:14:53.825000,4167.361,4166.897,2250,890
2021-04-16 00:14:53.875000,4167.367,4166.636,2250,2250
2021-04-16 00:15:00.226000,4167.567,4166.652,3610,4190
2021-04-16 00:15:00.277000,4167.552,4166.851,2250,2250
2021-04-16 00:15:01.803000,4167.452,4166.84,2250,890
2021-04-16 00:15:01.853000,4167.446,4166.754,2250,2250
2021-04-16 00:15:02.142000,4167.355,4166.737,2250,890
2021-04-16 00:15:02.192000,4167.358,4166.642,2250,2250
2021-04-16 00:15:06.175000,4167.546,4166.637,3610,4190
2021-04-16 00:15:06.225000,4167.549,4166.842,2250,2250
2021-04-16 00:15:13.179000,4167.355,4166.897,2250,890
2021-04-16 00:15:13.232000,4167.349,4166.639,2250,2250
2021-04-16 00:15:13.340000,4167.564,4166.649,3610,4190
2021-04-16 00:15:13.390000,4167.552,4166.899,2250,2250
2021-04-16 00:15:15.609000,4167.358,4166.843,2250,890
2021-04-16 00:15:15.659000,4167.367,4166.642,2250,2250
2021-04-16 00:15:16.090000,4167.549,4166.637,3610,4190
2021-04-16 00:15:16.140000,4167.561,4166.851,2250,2250
2021-04-16 00:15:16.249000,4167.355,4166.84,2250,890
2021-04-16 00:15:16.299000,4167.355,4166.654,2250,2250
2021-04-16 00:15:17.542000,4167.458,4166.631,3610,4190
2021-04-16 00:15:17.593000,4167.461,4166.799,2250,2250
2021-04-16 00:15:17.704000,4167.555,4166.74,3610,4190
2021-04-16 00:15:17.754000,4167.555,4166.854,2250,2250
2021-04-16 00:15:26.060000,4167.352,4166.837,2250,890
2021-04-16 00:15:26.111000,4167.364,4166.642,2250,2250
2021-04-16 00:15:33.927000,4167.555,4166.634,3610,4190
2021-04-16 00:15:33.977000,4167.567,4166.836,2250,2250
2021-04-16 00:15:35.469000,4167.349,4166.849,2250,890
2021-04-16 00:15:35.519000,4167.361,4166.639,2250,2250
2021-04-16 00:15:37.290000,4167.555,4166.64,3610,4190
2021-04-16 00:15:37.341000,4167.567,4166.842,2250,2250
2021-04-16 00:15:37.934000,4167.352,4166.837,2250,890
2021-04-16 00:15:37.985000,4167.352,4166.654,2250,2250
2021-04-16 00:15:38.546000,4167.555,4166.637,3610,4190
2021-04-16 00:15:38.596000,4167.567,4166.851,2250,2250
2021-04-16 00:15:39.797000,4167.364,4166.831,2250,890
2021-04-16 00:15:39.847000,4167.358,4166.639,2250,2250
2021-04-16 00:15:40.288000,4167.058,4166.634,2250,890
2021-04-16 00:15:40.338000,4167.064,4166.348,2250,2250
2021-04-16 00:15:44.534000,4166.849,4166.331,2250,890
2021-04-16 00:15:44.584000,4166.861,4166.136,2250,2250
2021-04-16 00:15:54.553000,4167.064,4166.137,3610,4190
2021-04-16 00:15:54.603000,4167.061,4166.342,2250,2250
2021-04-16 00:15:56.246000,4167.352,4166.331,3610,4190
2021-04-16 00:15:56.296000,4167.355,4166.699,2250,2250
2021-04-16 00:15:58.903000,4167.255,4166.652,2250,890
2021-04-16 00:15:58.953000,4167.261,4166.551,2250,2250
2021-04-16 00:15:59.063000,4167.346,4166.54,3610,4190
2021-04-16 00:15:59.113000,4167.352,4166.648,2250,2250
2021-04-16 00:16:10.495000,4167.067,4166.652,2250,890
2021-04-16 00:16:10.545000,4167.052,4166.339,2250,2250
2021-04-16 00:16:22.673000,4167.558,4166.346,3610,4190
2021-04-16 00:16:22.723000,4167.501,4166.833,2250,2250
2021-04-16 00:16:23.314000,4167.355,4166.897,2250,890
2021-04-16 00:16:23.365000,4167.355,4166.636,2250,2250
2021-04-16 00:16:29.171000,4167.061,4166.697,2250,890
2021-04-16 00:16:29.221000,4167.001,4166.342,2250,2250
2021-04-16 00:16:29.332000,4167.361,4166.343,3610,4190
2021-04-16 00:16:29.382000,4167.364,4166.642,2250,2250
2021-04-16 00:16:29.653000,4167.061,4166.646,2250,890
2021-04-16 00:16:29.703000,4167.061,4166.342,2250,2250
2021-04-16 00:16:29.814000,4167.264,4166.334,3610,4190
2021-04-16 00:16:29.864000,4167.264,4166.545,2250,2250
2021-04-16 00:16:29.975000,4167.064,4166.552,2250,890
2021-04-16 00:16:30.025000,4167.061,4166.351,2250,2250
2021-04-16 00:16:30.412000,4167.264,4166.331,3610,4190
2021-04-16 00:16:30.463000,4167.252,4166.545,2250,2250
2021-04-16 00:16:30.994000,4167.055,4166.54,2250,890
2021-04-16 00:16:31.045000,4167.055,4166.342,2250,2250
2021-04-16 00:16:31.313000,4167.355,4166.346,3610,4190
2021-04-16 00:16:31.363000,4167.355,4166.636,2250,2250
2021-04-16 00:16:42.981000,4167.564,4166.649,3610,4190
2021-04-16 00:16:43.031000,4167.546,4166.836,2250,2250
2021-04-16 00:16:47.443000,4167.855,4166.837,3610,4190
2021-04-16 00:16:47.493000,4167.864,4167.154,2250,2250
2021-04-16 00:16:49.442000,4167.758,4167.134,2250,890
2021-04-16 00:16:49.492000,4167.746,4167.039,2250,2250
2021-04-16 00:16:49.601000,4167.801,4167.04,3610,4190
2021-04-16 00:16:49.651000,4167.864,4167.148,2250,2250
2021-04-16 00:16:51.931000,4167.501,4167.152,2250,890
2021-04-16 00:16:51.982000,4167.552,4166.836,2250,2250
2021-04-16 00:16:52.256000,4167.749,4166.831,3610,4190
2021-04-16 00:16:52.306000,4167.758,4167.042,2250,2250
2021-04-16 00:16:52.422000,4167.867,4167.043,3610,4190
2021-04-16 00:16:52.472000,4167.852,4167.139,2250,2250
2021-04-16 00:17:03.502000,4167.946,4167.146,3610,4190
2021-04-16 00:17:03.552000,4167.958,4167.242,2250,2250
2021-04-16 00:17:03.661000,4168.046,4167.252,3610,4190
2021-04-16 00:17:03.711000,4168.001,4167.339,2250,2250
2021-04-16 00:17:26.429000,4167.855,4167.397,2250,890
2021-04-16 00:17:26.479000,4167.858,4167.148,2250,2250
2021-04-16 00:17:46.828000,4167.564,4167.197,2250,890
2021-04-16 00:17:46.879000,4167.567,4166.833,2250,2250
2021-04-16 00:18:33.330000,4167.861,4166.852,3610,4190
2021-04-16 00:18:33.380000,4167.855,4167.139,2250,2250
2021-04-16 00:18:39.358000,4168.064,4167.146,3610,4190
2021-04-16 00:18:39.408000,4168.064,4167.354,2250,2250
2021-04-16 00:19:16.254000,4168.301,4167.34,3610,4190
2021-04-16 00:19:16.304000,4168.301,4167.651,2250,2250
2021-04-16 00:19:17.739000,4168.067,4167.697,2250,890
2021-04-16 00:19:17.790000,4168.001,4167.333,2250,2250
2021-04-16 00:19:22.691000,4168.367,4167.352,3610,4190
2021-04-16 00:19:22.741000,4168.355,4167.648,2250,2250
2021-04-16 00:19:24.249000,4168.252,4167.697,2250,890
2021-04-16 00:19:24.299000,4168.267,4167.554,2250,2250
2021-04-16 00:19:24.408000,4168.352,4167.543,3610,4190
2021-04-16 00:19:24.458000,4168.349,4167.645,2250,2250
2021-04-16 00:19:47.234000,4168.301,4167.337,3610,4190
2021-04-16 00:19:47.284000,4168.055,4167.399,2250,2250
2021-04-16 00:19:52.493000,4168.058,4167.697,2250,890
2021-04-16 00:19:52.544000,4168.358,4167.636,2250,2250
2021-04-16 00:19:54.351000,4168.201,4167.649,2250,890
2021-04-16 00:19:54.401000,4168.252,4167.536,2250,2250
2021-04-16 00:19:54.713000,4168.058,4167.531,2250,890
2021-04-16 00:19:54.763000,4168.055,4167.336,2250,2250
2021-04-16 00:20:02.418000,4168.358,4167.337,3610,4190
2021-04-16 00:20:02.469000,4168.346,4167.654,2250,2250
2021-04-16 00:20:04.977000,4168.067,4167.634,2250,890
2021-04-16 00:20:05.027000,4168.046,4167.333,2250,2250
2021-04-16 00:20:05.736000,4168.367,4167.34,3610,4190
2021-04-16 00:20:05.786000,4168.349,4167.699,2250,2250
2021-04-16 00:20:22.789000,4168.064,4167.643,2250,890
2021-04-16 00:20:22.840000,4168.055,4167.333,2250,2250
2021-04-16 00:20:25.542000,4167.961,4167.248,2250,2250
2021-04-16 00:20:25.701000,4168.055,4167.252,3610,4190
2021-04-16 00:20:25.752000,4168.067,4167.339,2250,2250
2021-04-16 00:20:28.968000,4168.061,4167.146,3610,4190
2021-04-16 00:20:29.018000,4167.864,4167.154,2250,2250
2021-04-16 00:20:37.621000,4167.852,4167.331,2250,890
2021-04-16 00:20:37.671000,4168.058,4167.342,2250,2250
2021-04-16 00:20:38.211000,4167.849,4167.352,2250,890
2021-04-16 00:20:38.262000,4167.867,4167.154,2250,2250
2021-04-16 00:20:39.839000,4168.061,4167.143,3610,4190
2021-04-16 00:20:39.890000,4168.001,4167.399,2250,2250
2021-04-16 00:20:39.999000,4167.949,4167.397,2250,890
2021-04-16 00:20:40.049000,4167.949,4167.239,2250,2250
2021-04-16 00:20:40.575000,4167.961,4167.349,2250,890
2021-04-16 00:20:40.626000,4168.001,4167.351,2250,2250
2021-04-16 00:20:40.730000,4167.967,4167.331,2250,890
2021-04-16 00:20:40.780000,4167.901,4167.239,2250,2250
2021-04-16 00:20:41.066000,4168.046,4167.249,3610,4190
2021-04-16 00:20:41.116000,4168.055,4167.348,2250,2250
2021-04-16 00:20:41.225000,4167.946,4167.331,2250,890
2021-04-16 00:20:41.275000,4167.967,4167.254,2250,2250
2021-04-16 00:20:42.024000,4167.849,4167.246,2250,890
2021-04-16 00:20:42.075000,4167.867,4167.148,2250,2250
2021-04-16 00:20:42.344000,4167.964,4167.131,3610,4190
2021-04-16 00:20:42.397000,4167.946,4167.236,2250,2250
2021-04-16 00:20:42.504000,4167.961,4167.131,3610,4190
2021-04-16 00:20:42.554000,4167.864,4167.148,2250,2250
2021-04-16 00:21:02.310000,4167.852,4166.843,3610,4190
2021-04-16 00:21:02.360000,4167.564,4166.839,2250,2250
2021-04-16 00:21:09.307000,4167.767,4166.843,3610,4190
2021-04-16 00:21:09.357000,4167.701,4167.042,2250,2250
2021-04-16 00:21:09.471000,4167.746,4167.14,2250,890
2021-04-16 00:21:09.521000,4167.867,4167.148,2250,2250
2021-04-16 00:21:19.267000,4167.552,4166.854,2250,2250
2021-04-16 00:21:30.151000,4167.458,4166.849,2250,890
2021-04-16 00:21:30.201000,4167.401,4166.751,2250,2250
2021-04-16 00:21:30.308000,4167.555,4166.734,3610,4190
2021-04-16 00:21:30.359000,4167.567,4166.899,2250,2250
2021-04-16 00:21:46.436000,4167.701,4166.831,3610,4190
2021-04-16 00:21:46.487000,4167.746,4167.045,2250,2250
2021-04-16 00:21:46.598000,4167.767,4167.146,2250,890
2021-04-16 00:21:46.648000,4167.849,4167.199,2250,2250
2021-04-16 00:22:06.638000,4167.552,4167.152,2250,890
2021-04-16 00:22:06.689000,4167.567,4166.899,2250,2250
2021-04-16 00:22:07.120000,4167.761,4166.849,3610,4190
2021-04-16 00:22:07.170000,4167.749,4167.036,2250,2250
2021-04-16 00:22:08.314000,4167.552,4167.043,2250,890
2021-04-16 00:22:08.364000,4167.555,4166.854,2250,2250
2021-04-16 00:22:10.337000,4167.355,4166.852,2250,890
2021-04-16 00:22:10.388000,4167.349,4166.639,2250,2250
2021-04-16 00:22:31.242000,4167.055,4166.64,2250,890
2021-04-16 00:22:31.293000,4167.046,4166.339,2250,2250
2021-04-16 00:22:34.947000,4167.355,4166.349,3610,4190
2021-04-16 00:22:34.997000,4167.301,4166.633,2250,2250
2021-04-16 00:22:37.431000,4167.067,4166.634,2250,890
2021-04-16 00:22:37.482000,4167.058,4166.336,2250,2250
2021-04-16 00:22:47.480000,4167.301,4166.397,3610,4190
2021-04-16 00:22:47.531000,4167.349,4166.639,2250,2250
2021-04-16 00:22:47.641000,4167.064,4166.646,2250,890
2021-04-16 00:22:47.691000,4167.064,4166.342,2250,2250
2021-04-16 00:23:01.697000,4167.358,4166.346,3610,4190
2021-04-16 00:23:01.748000,4167.301,4166.654,2250,2250
2021-04-16 00:23:02.214000,4167.046,4166.643,2250,890
2021-04-16 00:23:02.264000,4167.046,4166.333,2250,2250
2021-04-16 00:23:14.100000,4166.867,4166.343,2250,890
2021-04-16 00:23:14.150000,4166.861,4166.145,2250,2250
2021-04-16 00:23:18.518000,4167.052,4166.146,3610,4190
2021-04-16 00:23:18.569000,4167.046,4166.345,2250,2250
2021-04-16 00:23:20.290000,4166.901,4166.34,2250,890
2021-04-16 00:23:20.341000,4166.961,4166.251,2250,2250
2021-04-16 00:23:20.450000,4167.064,4166.249,3610,4190
2021-04-16 00:23:20.500000,4167.049,4166.351,2250,2250
2021-04-16 00:23:27.705000,4167.361,4166.343,3610,4190
2021-04-16 00:23:27.755000,4167.361,4166.642,2250,2250
2021-04-16 00:23:28.661000,4167.049,4166.697,2250,890
2021-04-16 00:23:28.712000,4167.058,4166.351,2250,2250
2021-04-16 00:23:40.297000,4167.346,4166.343,3610,4190
2021-04-16 00:23:40.347000,4167.358,4166.651,2250,2250
2021-04-16 00:23:52.660000,4167.055,4166.634,2250,890
2021-04-16 00:23:52.710000,4167.067,4166.348,2250,2250
2021-04-16 00:23:57.503000,4166.552,4166.337,2250,890
2021-04-16 00:23:57.553000,4166.549,4165.836,2250,2250
2021-04-16 00:24:00.225000,4166.858,4165.84,3610,4190
2021-04-16 00:24:00.275000,4166.858,4166.148,2250,2250
2021-04-16 00:25:04.834000,4166.555,4166.197,2250,890
2021-04-16 00:25:04.885000,4166.546,4165.845,2250,2250
2021-04-16 00:25:04.995000,4166.867,4165.897,3610,4190
2021-04-16 00:25:05.045000,4166.864,4166.154,2250,2250
2021-04-16 00:25:05.156000,4166.555,4166.131,2250,890
2021-04-16 00:25:05.206000,4166.564,4165.833,2250,2250
2021-04-16 00:25:05.870000,4166.867,4165.843,3610,4190
2021-04-16 00:25:05.920000,4166.849,4166.151,2250,2250
2021-04-16 00:25:08.387000,4166.761,4166.149,2250,890
2021-04-16 00:25:08.437000,4166.755,4166.036,2250,2250
2021-04-16 00:25:08.549000,4166.852,4166.034,3610,4190
2021-04-16 00:25:08.599000,4166.858,4166.139,2250,2250
2021-04-16 00:25:25.917000,4166.767,4166.14,2250,890
2021-04-16 00:25:25.967000,4166.758,4166.033,2250,2250
2021-04-16 00:25:26.975000,4166.846,4166.043,3610,4190
2021-04-16 00:25:27.025000,4166.855,4166.199,2250,2250
2021-04-16 00:25:41.763000,4166.958,4166.131,3610,4190
2021-04-16 00:25:41.814000,4166.949,4166.251,2250,2250
2021-04-16 00:25:43.055000,4166.801,4166.297,2250,890
2021-04-16 00:25:43.106000,4166.867,4166.136,2250,2250
2021-04-16 00:25:45.955000,4166.952,4166.197,3610,4190
2021-04-16 00:25:46.006000,4166.901,4166.245,2250,2250
2021-04-16 00:25:46.126000,4166.855,4166.243,2250,890
2021-04-16 00:25:46.177000,4166.855,4166.145,2250,2250
2021-04-16 00:26:02.431000,4166.864,4166.097,3610,4190
2021-04-16 00:26:02.481000,4166.758,4166.048,2250,2250
2021-04-16 00:26:02.592000,4166.558,4165.833,2250,2250
2021-04-16 00:26:21.554000,4166.849,4165.852,3610,4190
2021-04-16 00:26:21.605000,4166.864,4166.154,2250,2250
2021-04-16 00:26:23.423000,4166.555,4166.14,2250,890
2021-04-16 00:26:23.474000,4166.558,4165.836,2250,2250
2021-04-16 00:26:29.620000,4166.867,4165.843,3610,4190
2021-04-16 00:26:29.670000,4166.855,4166.148,2250,2250
2021-04-16 00:26:30.378000,4166.746,4166.134,2250,890
2021-04-16 00:26:30.428000,4166.755,4166.042,2250,2250
2021-04-16 00:26:30.537000,4166.549,4166.046,2250,890
2021-04-16 00:26:30.587000,4166.549,4165.899,2250,2250
2021-04-16 00:26:52.254000,4166.355,4165.834,2250,890
2021-04-16 00:26:52.305000,4166.346,4165.639,2250,2250
2021-04-16 00:26:55.173000,4166.461,4165.634,3610,4190
2021-04-16 00:26:55.224000,4166.461,4165.739,2250,2250
2021-04-16 00:26:56.321000,4166.564,4165.752,3610,4190
2021-04-16 00:26:56.371000,4166.561,4165.899,2250,2250
2021-04-16 00:26:56.641000,4166.467,4165.84,2250,890
2021-04-16 00:26:56.691000,4166.458,4165.742,2250,2250
2021-04-16 00:26:57.319000,4166.555,4165.797,3610,4190
2021-04-16 00:26:57.369000,4166.564,4165.839,2250,2250
2021-04-16 00:26:57.799000,4166.364,4165.849,2250,890
2021-04-16 00:26:57.850000,4166.367,4165.654,2250,2250
2021-04-16 00:27:11.225000,4166.064,4165.637,2250,890
2021-04-16 00:27:11.275000,4166.064,4165.354,2250,2250
2021-04-16 00:27:42.601000,4165.858,4165.34,2250,890
2021-04-16 00:27:42.651000,4165.852,4165.154,2250,2250
2021-04-16 00:27:57.333000,4165.546,4165.149,2250,890
2021-04-16 00:27:57.383000,4165.564,4164.845,2250,2250
2021-04-16 00:28:08.176000,4165.346,4164.843,2250,890
2021-04-16 00:28:08.226000,4165.367,4164.642,2250,2250
2021-04-16 00:28:09.087000,4165.058,4164.64,2250,890
2021-04-16 00:28:09.137000,4165.058,4164.336,2250,2250
2021-04-16 00:28:13.114000,4164.861,4164.337,2250,890
2021-04-16 00:28:13.165000,4164.852,4164.139,2250,2250
2021-04-16 00:28:36.254000,4165.049,4164.149,3610,4190
2021-04-16 00:28:36.304000,4165.058,4164.348,2250,2250
2021-04-16 00:28:38.692000,4165.355,4164.34,3610,4190
2021-04-16 00:28:38.743000,4165.358,4164.633,2250,2250
2021-04-16 00:28:39.105000,4165.067,4164.637,2250,890
2021-04-16 00:28:39.155000,4165.064,4164.345,2250,2250
2021-04-16 00:28:39.403000,4165.364,4164.334,3610,4190
2021-04-16 00:28:39.454000,4165.301,4164.639,2250,2250
2021-04-16 00:28:39.722000,4165.055,4164.643,2250,890
2021-04-16 00:28:39.773000,4165.061,4164.348,2250,2250
2021-04-16 00:28:42.327000,4165.352,4164.334,3610,4190
2021-04-16 00:28:42.377000,4165.358,4164.639,2250,2250
2021-04-16 00:28:42.648000,4165.058,4164.643,2250,890
2021-04-16 00:28:42.699000,4165.001,4164.348,2250,2250
2021-04-16 00:28:43.795000,4165.355,4164.648,2250,2250
2021-04-16 00:28:43.953000,4165.049,4164.646,2250,890
2021-04-16 00:28:44.003000,4165.052,4164.336,2250,2250
2021-04-16 00:28:45.323000,4165.364,4164.334,3610,4190
2021-04-16 00:28:45.373000,4165.346,4164.642,2250,2250
2021-04-16 00:28:51.355000,4165.501,4164.637,3610,4190
2021-04-16 00:28:51.405000,4165.567,4164.848,2250,2250
2021-04-16 00:29:10.385000,4165.355,4164.846,2250,890
2021-04-16 00:29:10.435000,4165.352,4164.633,2250,2250
2021-04-16 00:29:13.361000,4165.555,4164.637,3610,4190
2021-04-16 00:29:13.411000,4165.558,4164.848,2250,2250
2021-04-16 00:29:16.323000,4165.358,4164.849,2250,890
2021-04-16 00:29:16.374000,4165.352,4164.699,2250,2250
2021-04-16 00:29:19.342000,4165.558,4164.64,3610,4190
2021-04-16 00:29:19.392000,4165.561,4164.851,2250,2250
2021-04-16 00:29:22.529000,4165.355,4164.846,2250,890
2021-04-16 00:29:22.579000,4165.367,4164.645,2250,2250
2021-04-16 00:29:25.580000,4165.558,4164.637,3610,4190
2021-04-16 00:29:25.630000,4165.552,4164.845,2250,2250
2021-04-16 00:29:28.221000,4165.355,4164.897,2250,890
2021-04-16 00:29:28.272000,4165.349,4164.645,2250,2250
2021-04-16 00:29:31.370000,4165.467,4164.64,3610,4190
2021-04-16 00:29:31.420000,4165.458,4164.751,2250,2250
2021-04-16 00:29:32.195000,4165.549,4164.737,3610,4190
2021-04-16 00:29:32.246000,4165.549,4164.836,2250,2250
2021-04-16 00:30:01.532000,4165.867,4164.837,3610,4190
2021-04-16 00:30:01.582000,4165.855,4165.151,2250,2250
2021-04-16 00:30:10.788000,4165.564,4165.143,2250,890
2021-04-16 00:30:10.838000,4165.561,4164.839,2250,2250
2021-04-16 00:30:11.695000,4165.864,4164.843,3610,4190
2021-04-16 00:30:11.745000,4165.801,4165.133,2250,2250
2021-04-16 00:30:13.761000,4165.546,4165.152,2250,890
2021-04-16 00:30:13.811000,4165.549,4164.836,2250,2250
2021-04-16 00:30:14.851000,4165.849,4164.834,3610,4190
2021-04-16 00:30:14.901000,4165.849,4165.136,2250,2250
2021-04-16 00:30:19.053000,4165.564,4165.152,2250,890
2021-04-16 00:30:19.104000,4165.549,4164.899,2250,2250
2021-04-16 00:30:32.033000,4165.801,4164.897,3610,4190
2021-04-16 00:30:32.084000,4165.852,4165.199,2250,2250
2021-04-16 00:30:49.243000,4165.749,4165.149,2250,890
2021-04-16 00:30:49.294000,4165.749,4165.039,2250,2250
2021-04-16 00:30:49.518000,4165.864,4165.046,3610,4190
2021-04-16 00:30:49.568000,4165.858,4165.136,2250,2250
2021-04-16 00:30:51.154000,4165.752,4165.146,2250,890
2021-04-16 00:30:51.205000,4165.749,4165.033,2250,2250
2021-04-16 00:30:51.612000,4165.749,4164.852,3610,4190
2021-04-16 00:30:51.663000,4165.546,4164.836,2250,2250
2021-04-16 00:30:54.761000,4165.861,4164.831,3610,4190
2021-04-16 00:30:54.812000,4165.855,4165.133,2250,2250
2021-04-16 00:31:06.919000,4166.055,4165.197,3610,4190
2021-04-16 00:31:06.969000,4166.046,4165.345,2250,2250
2021-04-16 00:31:14.022000,4166.358,4165.334,3610,4190
2021-04-16 00:31:14.072000,4166.352,4165.642,2250,2250
2021-04-16 00:31:22.808000,4166.546,4165.649,3610,4190
2021-04-16 00:31:22.859000,4166.558,4165.899,2250,2250
2021-04-16 00:31:42.469000,4166.355,4165.84,2250,890
2021-04-16 00:31:42.519000,4166.346,4165.636,2250,2250
2021-04-16 00:31:42.629000,4166.567,4165.637,3610,4190
2021-04-16 00:31:42.679000,4166.549,4165.836,2250,2250
2021-04-16 00:32:14.119000,4166.852,4165.849,3610,4190
2021-04-16 00:32:14.170000,4166.855,4166.139,2250,2250
2021-04-16 00:32:29.433000,4167.049,4166.143,3610,4190
2021-04-16 00:32:29.484000,4167.067,4166.336,2250,2250
2021-04-16 00:32:30.541000,4166.867,4166.331,2250,890
2021-04-16 00:32:30.591000,4166.846,4166.142,2250,2250
2021-04-16 00:32:37.661000,4166.849,4165.84,3610,4190
2021-04-16 00:32:37.711000,4166.564,4165.839,2250,2250
2021-04-16 00:32:37.896000,4166.558,4166.149,2250,890
2021-04-16 00:32:37.947000,4166.858,4166.136,2250,2250
2021-04-16 00:32:47.310000,4167.064,4166.134,3610,4190
2021-04-16 00:32:47.360000,4167.052,4166.351,2250,2250
2021-04-16 00:33:09.147000,4167.358,4166.334,3610,4190
2021-04-16 00:33:09.197000,4167.361,4166.642,2250,2250
2021-04-16 00:33:43.903000,4167.564,4166.64,3610,4190
2021-04-16 00:33:43.953000,4167.555,4166.836,2250,2250
2021-04-16 00:33:44.064000,4167.446,4166.834,2250,890
2021-04-16 00:33:44.114000,4167.467,4166.733,2250,2250
2021-04-16 00:33:44.224000,4167.364,4166.731,2250,890
2021-04-16 00:33:44.274000,4167.346,4166.651,2250,2250
2021-04-16 00:33:44.384000,4167.449,4166.652,3610,4190
2021-04-16 00:33:44.434000,4167.401,4166.751,2250,2250
2021-04-16 00:33:45.023000,4167.349,4166.752,2250,890
2021-04-16 00:33:45.074000,4167.349,4166.651,2250,2250
2021-04-16 00:33:45.662000,4167.552,4166.649,3610,4190
2021-04-16 00:33:45.713000,4167.552,4166.845,2250,2250
2021-04-16 00:33:46.115000,4167.301,4166.846,2250,890
2021-04-16 00:33:46.165000,4167.361,4166.648,2250,2250
2021-04-16 00:33:51.000000,4167.446,4166.646,3610,4190
2021-04-16 00:33:51.050000,4167.458,4166.745,2250,2250
2021-04-16 00:33:51.872000,4167.301,4166.752,2250,890
2021-04-16 00:33:51.923000,4167.361,4166.639,2250,2250
2021-04-16 00:34:01.217000,4167.001,4166.643,2250,890
2021-04-16 00:34:01.268000,4167.067,4166.342,2250,2250
2021-04-16 00:34:07.660000,4167.052,4166.143,3610,4190
2021-04-16 00:34:07.710000,4166.849,4166.139,2250,2250
2021-04-16 00:34:15.345000,4166.555,4166.146,2250,890
2021-04-16 00:34:15.396000,4166.561,4165.899,2250,2250
2021-04-16 00:35:25.494000,4166.849,4165.834,3610,4190
2021-04-16 00:35:25.544000,4166.858,4166.142,2250,2250
2021-04-16 00:35:30.113000,4166.555,4166.131,2250,890
2021-04-16 00:35:30.164000,4166.552,4165.833,2250,2250
2021-04-16 00:35:37.538000,4166.301,4165.852,2250,890
2021-04-16 00:35:37.588000,4166.364,4165.651,2250,2250
2021-04-16 00:36:50.087000,4166.561,4165.631,3610,4190
2021-04-16 00:36:50.138000,4166.501,4165.899,2250,2250
2021-04-16 00:37:06.968000,4166.455,4165.739,2250,2250
2021-04-16 00:37:07.125000,4166.549,4165.74,3610,4190
2021-04-16 00:37:07.176000,4166.546,4165.854,2250,2250
2021-04-16 00:37:31.815000,4166.852,4165.849,3610,4190
2021-04-16 00:37:31.865000,4166.849,4166.136,2250,2250
2021-04-16 00:37:38.219000,4167.049,4166.137,3610,4190
2021-04-16 00:37:38.270000,4167.052,4166.351,2250,2250
2021-04-16 00:37:59.492000,4167.058,4166.84,2250,890
2021-04-16 00:37:59.543000,4167.546,4166.836,2250,2250
2021-04-16 00:37:59.650000,4167.361,4166.849,2250,890
2021-04-16 00:37:59.700000,4167.349,4166.633,2250,2250
2021-04-16 00:38:01.091000,4167.501,4166.652,3610,4190
2021-04-16 00:38:01.142000,4167.558,4166.845,2250,2250
2021-04-16 00:38:03.873000,4167.352,4166.843,2250,890
2021-04-16 00:38:03.923000,4167.358,4166.645,2250,2250
2021-04-16 00:38:27.078000,4167.055,4166.637,2250,890
2021-04-16 00:38:27.128000,4167.061,4166.342,2250,2250
2021-04-16 00:38:31.586000,4167.352,4166.334,3610,4190
2021-04-16 00:38:31.636000,4167.358,4166.639,2250,2250
2021-04-16 00:38:34.936000,4167.001,4166.649,2250,890
2021-04-16 00:38:34.986000,4167.046,4166.351,2250,2250
2021-04-16 00:38:35.562000,4167.246,4166.331,3610,4190
2021-04-16 00:38:35.612000,4167.264,4166.551,2250,2250
2021-04-16 00:38:36.121000,4167.046,4166.552,2250,890
2021-04-16 00:38:36.172000,4167.049,4166.333,2250,2250
2021-04-16 00:38:38.618000,4167.358,4166.352,3610,4190
2021-04-16 00:38:38.669000,4167.358,4166.654,2250,2250
2021-04-16 00:38:39.975000,4167.061,4166.634,2250,890
2021-04-16 00:38:40.026000,4167.061,4166.333,2250,2250
2021-04-16 00:38:43.639000,4167.061,4166.697,2250,890
2021-04-16 00:38:43.689000,4167.349,4166.651,2250,2250
2021-04-16 00:38:48.731000,4167.061,4166.649,2250,890
2021-04-16 00:38:48.781000,4167.058,4166.399,2250,2250
2021-04-16 00:39:01.234000,4166.955,4166.34,2250,890
2021-04-16 00:39:01.284000,4166.955,4166.254,2250,2250
2021-04-16 00:39:01.673000,4167.061,4166.336,2250,2250
2021-04-16 00:39:08.577000,4166.949,4166.334,2250,890
2021-04-16 00:39:08.628000,4166.901,4166.242,2250,2250
2021-04-16 00:39:11.206000,4166.849,4166.234,2250,890
2021-04-16 00:39:11.256000,4166.852,4166.133,2250,2250
2021-04-16 00:39:11.367000,4167.046,4166.149,3610,4190
2021-04-16 00:39:11.417000,4167.067,4166.351,2250,2250
2021-04-16 00:39:14.226000,4166.867,4166.346,2250,890
2021-04-16 00:39:14.277000,4166.858,4166.148,2250,2250
2021-04-16 00:39:41.182000,4166.761,4166.143,2250,890
2021-04-16 00:39:41.232000,4166.758,4166.036,2250,2250
2021-04-16 00:39:43.145000,4166.501,4166.097,2250,890
2021-04-16 00:39:43.195000,4166.549,4165.833,2250,2250
2021-04-16 00:40:00.306000,4166.801,4165.831,3610,4190
2021-04-16 00:40:00.356000,4166.855,4166.151,2250,2250
2021-04-16 00:40:30.040000,4167.058,4166.137,3610,4190
2021-04-16 00:40:30.090000,4167.049,4166.345,2250,2250
2021-04-16 00:40:34.801000,4166.849,4166.34,2250,890
2021-04-16 00:40:34.852000,4166.852,4166.154,2250,2250
2021-04-16 00:40:44.152000,4166.552,4166.143,2250,890
2021-04-16 00:40:44.202000,4166.555,4165.848,2250,2250
2021-04-16 00:41:08.469000,4166.867,4165.849,3610,4190
2021-04-16 00:41:08.519000,4166.852,4166.139,2250,2250
2021-04-16 00:41:24.922000,4166.546,4166.137,2250,890
2021-04-16 00:41:24.972000,4166.558,4165.851,2250,2250
2021-04-16 00:41:59.225000,4166.758,4165.834,3610,4190
2021-04-16 00:41:59.276000,4166.752,4166.048,2250,2250
2021-04-16 00:41:59.387000,4166.852,4166.031,3610,4190
2021-04-16 00:41:59.438000,4166.861,4166.199,2250,2250
2021-04-16 00:42:00.834000,4166.549,4166.149,2250,890
2021-04-16 00:42:00.885000,4166.564,4165.854,2250,2250
2021-04-16 00:42:19.319000,4166.355,4165.846,2250,890
2021-04-16 00:42:19.369000,4166.361,4165.654,2250,2250
2021-04-16 00:42:33.613000,4166.061,4165.637,2250,890
2021-04-16 00:42:33.664000,4166.001,4165.333,2250,2250
2021-04-16 00:42:40.248000,4165.867,4165.349,2250,890
2021-04-16 00:42:40.298000,4165.858,4165.139,2250,2250
2021-04-16 00:42:48.921000,4166.058,4165.14,3610,4190
2021-04-16 00:42:48.971000,4166.055,4165.333,2250,2250
2021-04-16 00:42:57.342000,4166.301,4165.343,3610,4190
2021-04-16 00:42:57.392000,4166.364,4165.633,2250,2250
2021-04-16 00:43:25.704000,4166.401,4165.649,3610,4190
2021-04-16 00:43:25.755000,4166.455,4165.748,2250,2250
2021-04-16 00:43:26.166000,4166.558,4165.743,3610,4190
2021-04-16 00:43:26.217000,4166.561,4165.851,2250,2250
2021-04-16 00:43:45.065000,4166.858,4165.843,3610,4190
2021-04-16 00:43:45.115000,4166.846,4166.145,2250,2250
2021-04-16 00:43:46.771000,4166.558,4166.14,2250,890
2021-04-16 00:43:46.821000,4166.567,4165.839,2250,2250
2021-04-16 00:43:52.757000,4166.867,4165.834,3610,4190
2021-04-16 00:43:52.807000,4166.864,4166.154,2250,2250
2021-04-16 00:44:07.316000,4167.061,4166.146,3610,4190
2021-04-16 00:44:07.366000,4167.061,4166.399,2250,2250
2021-04-16 00:44:28.501000,4166.861,4166.397,2250,890
2021-04-16 00:44:28.551000,4166.867,4166.136,2250,2250
2021-04-16 00:45:01.797000,4166.967,4166.131,3610,4190
2021-04-16 00:45:01.847000,4166.946,4166.254,2250,2250
2021-04-16 00:45:01.957000,4167.055,4166.252,3610,4190
2021-04-16 00:45:02.008000,4167.064,4166.354,2250,2250
2021-04-16 00:45:18.631000,4166.846,4166.346,2250,890
2021-04-16 00:45:18.681000,4166.867,4166.139,2250,2250
2021-04-16 00:45:18.912000,4166.901,4166.197,3610,4190
2021-04-16 00:45:18.962000,4166.958,4166.254,2250,2250
2021-04-16 00:45:20.010000,4166.801,4166.234,2250,890
2021-04-16 00:45:20.061000,4166.855,4166.142,2250,2250
2021-04-16 00:45:21.702000,4166.949,4166.149,3610,4190
2021-04-16 00:45:21.752000,4166.964,4166.242,2250,2250
2021-04-16 00:45:24.213000,4167.061,4166.24,3610,4190
2021-04-16 00:45:24.263000,4167.052,4166.333,2250,2250
2021-04-16 00:45:42.300000,4166.801,4166.343,2250,890
2021-04-16 00:45:42.351000,4166.861,4166.145,2250,2250
2021-04-16 00:46:01.227000,4166.564,4166.149,2250,890
2021-04-16 00:46:01.278000,4166.558,4165.833,2250,2250
2021-04-16 00:46:35.664000,4166.364,4165.846,2250,890
2021-04-16 00:46:35.715000,4166.358,4165.633,2250,2250
2021-04-16 00:46:39.250000,4166.458,4165.646,3610,4190
2021-04-16 00:46:39.300000,4166.464,4165.799,2250,2250
2021-04-16 00:46:39.544000,4166.546,4165.74,3610,4190
2021-04-16 00:46:39.595000,4166.558,4165.836,2250,2250
2021-04-16 00:46:40.502000,4166.461,4165.831,2250,890
2021-04-16 00:46:40.556000,4166.464,4165.754,2250,2250
2021-04-16 00:46:42.358000,4166.346,4165.734,2250,890
2021-04-16 00:46:42.408000,4166.301,4165.633,2250,2250
2021-04-16 00:46:43.635000,4166.567,4165.643,3610,4190
2021-04-16 00:46:43.686000,4166.564,4165.854,2250,2250
2021-04-16 00:46:55.384000,4166.367,4165.843,2250,890
2021-04-16 00:46:55.435000,4166.355,4165.633,2250,2250
2021-04-16 00:47:20.373000,4166.064,4165.634,2250,890
2021-04-16 00:47:20.423000,4166.001,4165.351,2250,2250
2021-04-16 00:47:33.493000,4165.846,4165.337,2250,890
2021-04-16 00:47:33.543000,4165.864,4165.142,2250,2250
2021-04-16 00:47:40.298000,4165.564,4165.149,2250,890
2021-04-16 00:47:40.348000,4165.546,4164.833,2250,2250
2021-04-16 00:47:41.409000,4165.861,4164.84,3610,4190
2021-04-16 00:47:41.460000,4165.864,4165.151,2250,2250
2021-04-16 00:47:50.866000,4165.749,4165.137,2250,890
2021-04-16 00:47:50.916000,4165.767,4165.042,2250,2250
2021-04-16 00:47:51.026000,4165.549,4165.034,2250,890
2021-04-16 00:47:51.076000,4165.561,4164.833,2250,2250
2021-04-16 00:47:54.959000,4165.867,4164.837,3610,4190
2021-04-16 00:47:55.009000,4165.852,4165.148,2250,2250
2021-04-16 00:48:01.115000,4165.555,4165.152,2250,890
2021-04-16 00:48:01.165000,4165.549,4164.836,2250,2250
2021-04-16 00:48:09.261000,4165.355,4164.852,2250,890
2021-04-16 00:48:09.312000,4165.352,4164.699,2250,2250
2021-04-16 00:48:11.595000,4165.455,4164.634,3610,4190
2021-04-16 00:48:11.645000,4165.446,4164.799,2250,2250
2021-04-16 00:48:11.755000,4165.555,4164.734,3610,4190
2021-04-16 00:48:11.806000,4165.501,4164.839,2250,2250
2021-04-16 00:48:50.691000,4165.858,4164.897,3610,4190
2021-04-16 00:48:50.741000,4165.852,4165.154,2250,2250
2021-04-16 00:48:51.236000,4165.564,4165.197,2250,890
2021-04-16 00:48:51.286000,4165.567,4164.851,2250,2250
2021-04-16 00:49:03.531000,4165.352,4164.831,2250,890
2021-04-16 00:49:03.581000,4165.358,4164.648,2250,2250
2021-04-16 00:49:11.983000,4165.252,4164.637,2250,890
2021-04-16 00:49:12.033000,4165.252,4164.545,2250,2250
2021-04-16 00:49:12.140000,4165.364,4164.534,3610,4190
2021-04-16 00:49:12.191000,4165.361,4164.639,2250,2250
2021-04-16 00:49:15.046000,4165.052,4164.631,2250,890
2021-04-16 00:49:15.096000,4165.058,4164.336,2250,2250
2021-04-16 00:49:16.598000,4165.358,4164.346,3610,4190
2021-04-16 00:49:16.648000,4165.352,4164.642,2250,2250
2021-04-16 00:49:19.732000,4165.052,4164.649,2250,890
2021-04-16 00:49:19.782000,4165.055,4164.399,2250,2250
2021-04-16 00:49:20.742000,4165.052,4164.14,3610,4190
2021-04-16 00:49:20.792000,4164.846,4164.142,2250,2250
2021-04-16 00:49:20.901000,4164.861,4164.349,2250,890
2021-04-16 00:49:20.951000,4165.067,4164.336,2250,2250
2021-04-16 00:49:21.380000,4164.967,4164.337,2250,890
2021-04-16 00:49:21.431000,4164.946,4164.245,2250,2250
2021-04-16 00:49:21.540000,4164.801,4164.237,2250,890
2021-04-16 00:49:21.591000,4164.846,4164.151,2250,2250
2021-04-16 00:49:24.837000,4165.049,4164.146,3610,4190
2021-04-16 00:49:24.888000,4165.064,4164.342,2250,2250
2021-04-16 00:49:25.339000,4164.855,4164.337,2250,890
2021-04-16 00:49:25.389000,4164.801,4164.199,2250,2250
2021-04-16 00:49:42.546000,4164.558,4164.131,2250,890
2021-04-16 00:49:42.596000,4164.564,4163.845,2250,2250
2021-04-16 00:49:46.925000,4164.758,4163.843,3610,4190
2021-04-16 00:49:46.975000,4164.767,4164.051,2250,2250
2021-04-16 00:49:47.084000,4164.861,4164.034,3610,4190
2021-04-16 00:49:47.135000,4164.861,4164.136,2250,2250
2021-04-16 00:49:48.868000,4164.701,4164.146,2250,890
2021-04-16 00:49:48.919000,4164.755,4164.039,2250,2250
2021-04-16 00:49:49.189000,4164.552,4164.097,2250,890
2021-04-16 00:49:49.239000,4164.549,4163.854,2250,2250
2021-04-16 00:49:49.349000,4164.761,4163.837,3610,4190
2021-04-16 00:49:49.399000,4164.758,4164.048,2250,2250
2021-04-16 00:49:49.853000,4164.846,4164.04,3610,4190
2021-04-16 00:49:49.904000,4164.861,4164.151,2250,2250
2021-04-16 00:49:54.614000,4164.546,4164.134,2250,890
2021-04-16 00:49:54.665000,4164.564,4163.854,2250,2250
2021-04-16 00:50:23.657000,4164.846,4164.139,2250,2250
2021-04-16 00:50:30.957000,4165.061,4164.143,3610,4190
2021-04-16 00:50:31.007000,4165.067,4164.345,2250,2250
2021-04-16 00:50:31.117000,4164.801,4164.334,2250,890
2021-04-16 00:50:31.168000,4164.855,4164.136,2250,2250
2021-04-16 00:50:31.597000,4165.064,4164.152,3610,4190
2021-04-16 00:50:31.647000,4165.061,4164.351,2250,2250
2021-04-16 00:50:32.022000,4164.967,4164.331,2250,890
2021-04-16 00:50:32.072000,4164.955,4164.242,2250,2250
2021-04-16 00:50:32.182000,4164.846,4164.234,2250,890
2021-04-16 00:50:32.232000,4164.858,4164.199,2250,2250
2021-04-16 00:50:33.951000,4165.061,4164.149,3610,4190
2021-04-16 00:50:34.001000,4165.046,4164.399,2250,2250
2021-04-16 00:50:41.691000,4164.852,4164.346,2250,890
2021-04-16 00:50:41.741000,4164.861,4164.199,2250,2250
2021-04-16 00:50:56.682000,4164.846,4163.84,3610,4190
2021-04-16 00:50:56.732000,4164.546,4163.836,2250,2250
2021-04-16 00:50:57.266000,4164.852,4163.897,3610,4190
2021-04-16 00:50:57.316000,4164.867,4164.139,2250,2250
2021-04-16 00:50:57.965000,4164.752,4164.14,2250,890
2021-04-16 00:50:58.016000,4164.746,4164.036,2250,2250
2021-04-16 00:50:58.126000,4164.855,4164.046,3610,4190
2021-04-16 00:50:58.176000,4164.849,4164.148,2250,2250
2021-04-16 00:50:59.465000,4164.549,4164.134,2250,890
2021-04-16 00:50:59.515000,4164.501,4163.833,2250,2250
2021-04-16 00:51:03.965000,4164.364,4163.897,2250,890
2021-04-16 00:51:04.015000,4164.346,4163.645,2250,2250
2021-04-16 00:51:07.237000,4164.552,4163.646,3610,4190
2021-04-16 00:51:07.287000,4164.501,4163.854,2250,2250
2021-04-16 00:51:13.372000,4164.801,4163.897,3610,4190
2021-04-16 00:51:13.422000,4164.849,4164.139,2250,2250
2021-04-16 00:51:14.337000,4164.546,4164.197,2250,890
2021-04-16 00:51:14.388000,4164.501,4163.851,2250,2250
2021-04-16 00:51:15.474000,4164.867,4163.846,3610,4190
2021-04-16 00:51:15.524000,4164.846,4164.136,2250,2250
2021-04-16 00:51:32.391000,4164.501,4164.152,2250,890
2021-04-16 00:51:32.442000,4164.567,4163.851,2250,2250
2021-04-16 00:51:32.553000,4164.864,4163.846,3610,4190
2021-04-16 00:51:32.604000,4164.867,4164.148,2250,2250
2021-04-16 00:51:38.447000,4164.755,4164.149,2250,890
2021-04-16 00:51:38.498000,4164.755,4164.045,2250,2250
2021-04-16 00:51:38.615000,4164.864,4164.031,3610,4190
2021-04-16 00:51:38.665000,4164.801,4164.145,2250,2250
2021-04-16 00:51:38.767000,4164.761,4164.134,2250,890
2021-04-16 00:51:38.817000,4164.761,4164.099,2250,2250
2021-04-16 00:51:39.061000,4164.867,4164.139,2250,2250
2021-04-16 00:51:39.447000,4164.852,4164.04,3610,4190
2021-04-16 00:51:39.497000,4164.861,4164.136,2250,2250
2021-04-16 00:51:45.876000,4164.958,4164.14,3610,4190
2021-04-16 00:51:45.926000,4164.901,4164.242,2250,2250
2021-04-16 00:51:46.035000,4165.049,4164.246,3610,4190
2021-04-16 00:51:46.085000,4165.067,4164.345,2250,2250
2021-04-16 00:52:10.184000,4165.361,4164.343,3610,4190
2021-04-16 00:52:10.234000,4165.361,4164.633,2250,2250
2021-04-16 00:52:13.251000,4165.049,4164.631,2250,890
2021-04-16 00:52:13.301000,4165.055,4164.348,2250,2250
2021-04-16 00:52:20.495000,4165.349,4164.397,3610,4190
2021-04-16 00:52:20.545000,4165.361,4164.648,2250,2250
2021-04-16 00:52:20.653000,4165.046,4164.652,2250,890
2021-04-16 00:52:20.703000,4165.052,4164.354,2250,2250
2021-04-16 00:52:21.393000,4165.255,4164.349,3610,4190
2021-04-16 00:52:21.444000,4165.255,4164.551,2250,2250
2021-04-16 00:52:21.553000,4165.064,4164.534,2250,890
2021-04-16 00:52:21.603000,4165.049,4164.339,2250,2250
2021-04-16 00:52:24.239000,4165.361,4164.352,3610,4190
2021-04-16 00:52:24.411000,4165.349,4164.699,2250,2250
2021-04-16 00:52:24.890000,4165.064,4164.643,2250,890
2021-04-16 00:52:24.940000,4165.046,4164.345,2250,2250
2021-04-16 00:52:29.923000,4165.364,4164.349,3610,4190
2021-04-16 00:52:29.973000,4165.301,4164.648,2250,2250
2021-04-16 00:52:32.856000,4165.061,4164.637,2250,890
2021-04-16 00:52:32.907000,4165.058,4164.354,2250,2250
2021-04-16 00:52:53.399000,4165.358,4164.331,3610,4190
2021-04-16 00:52:53.450000,4165.355,4164.645,2250,2250
2021-04-16 00:52:55.018000,4165.264,4164.646,2250,890
2021-04-16 00:52:55.068000,4165.246,4164.533,2250,2250
2021-04-16 00:52:55.173000,4165.067,4164.546,2250,890
2021-04-16 00:52:55.224000,4165.052,4164.354,2250,2250
2021-04-16 00:52:56.703000,4165.252,4164.346,3610,4190
2021-04-16 00:52:56.754000,4165.264,4164.548,2250,2250
2021-04-16 00:52:56.862000,4165.364,4164.543,3610,4190
2021-04-16 00:52:56.912000,4165.364,4164.651,2250,2250
2021-04-16 00:52:57.950000,4165.064,4164.697,2250,890
2021-04-16 00:52:58.001000,4165.061,4164.399,2250,2250
2021-04-16 00:53:00.944000,4165.364,4164.343,3610,4190
2021-04-16 00:53:00.994000,4165.367,4164.642,2250,2250
2021-04-16 00:53:01.762000,4165.064,4164.649,2250,890
2021-04-16 00:53:01.813000,4165.001,4164.336,2250,2250
2021-04-16 00:54:01.853000,4165.364,4164.352,3610,4190
2021-04-16 00:54:01.903000,4165.367,4164.699,2250,2250
2021-04-16 00:54:19.699000,4165.052,4164.649,2250,890
2021-04-16 00:54:19.749000,4165.046,4164.348,2250,2250
2021-04-16 00:54:28.252000,4165.358,4164.343,3610,4190
2021-04-16 00:54:28.302000,4165.346,4164.639,2250,2250
2021-04-16 00:54:42.696000,4165.049,4164.64,2250,890
2021-04-16 00:54:42.746000,4165.055,4164.339,2250,2250
2021-04-16 00:55:39.916000,4164.867,4164.343,2250,890
2021-04-16 00:55:39.967000,4164.801,4164.133,2250,2250
2021-04-16 00:55:46.314000,4164.564,4164.143,2250,890
2021-04-16 00:55:46.364000,4164.546,4163.899,2250,2250
2021-04-16 00:55:49.684000,4164.764,4163.837,3610,4190
2021-04-16 00:55:49.735000,4164.764,4164.099,2250,2250
2021-04-16 00:55:50.715000,4164.861,4164.043,3610,4190
2021-04-16 00:55:50.766000,4164.867,4164.199,2250,2250
2021-04-16 00:55:51.285000,4164.701,4164.134,2250,890
2021-04-16 00:55:51.336000,4164.764,4164.033,2250,2250
2021-04-16 00:55:51.826000,4164.846,4164.037,3610,4190
2021-04-16 00:55:51.876000,4164.855,4164.133,2250,2250
2021-04-16 00:55:51.987000,4164.755,4164.143,2250,890
2021-04-16 00:55:52.038000,4164.764,4164.054,2250,2250
2021-04-16 00:55:52.859000,4164.864,4164.04,3610,4190
2021-04-16 00:55:52.909000,4164.858,4164.136,2250,2250
2021-04-16 00:55:53.179000,4164.561,4164.14,2250,890
2021-04-16 00:55:53.230000,4164.561,4163.836,2250,2250
2021-04-16 00:55:53.340000,4164.767,4163.846,3610,4190
2021-04-16 00:55:53.390000,4164.758,4164.048,2250,2250
2021-04-16 00:55:53.500000,4164.861,4164.052,3610,4190
2021-04-16 00:55:53.551000,4164.864,4164.154,2250,2250
2021-04-16 00:55:54.298000,4164.549,4164.197,2250,890
2021-04-16 00:55:54.349000,4164.501,4163.836,2250,2250
2021-04-16 00:55:54.634000,4164.758,4163.843,3610,4190
2021-04-16 00:55:54.685000,4164.758,4164.036,2250,2250
2021-04-16 00:55:54.792000,4164.561,4164.031,2250,890
2021-04-16 00:55:54.843000,4164.561,4163.833,2250,2250
2021-04-16 00:55:57.156000,4164.846,4163.846,3610,4190
2021-04-16 00:55:57.206000,4164.858,4164.142,2250,2250
2021-04-16 00:55:57.475000,4164.561,4164.134,2250,890
2021-04-16 00:55:57.526000,4164.555,4163.842,2250,2250
2021-04-16 00:56:02.592000,4164.367,4163.846,2250,890
2021-04-16 00:56:02.643000,4164.367,4163.639,2250,2250
2021-04-16 00:56:10.505000,4164.546,4163.652,3610,4190
2021-04-16 00:56:10.555000,4164.501,4163.842,2250,2250
2021-04-16 00:56:21.590000,4164.849,4163.849,3610,4190
2021-04-16 00:56:21.641000,4164.855,4164.145,2250,2250
2021-04-16 00:56:22.156000,4164.558,4164.197,2250,890
2021-04-16 00:56:22.207000,4164.555,4163.845,2250,2250
2021-04-16 00:56:24.481000,4164.852,4163.897,3610,4190
2021-04-16 00:56:24.531000,4164.849,4164.136,2250,2250
2021-04-16 00:56:29.348000,4164.552,4164.131,2250,890
2021-04-16 00:56:29.399000,4164.501,4163.845,2250,2250
2021-04-16 00:56:30.460000,4164.746,4163.846,3610,4190
2021-04-16 00:56:30.510000,4164.752,4164.099,2250,2250
2021-04-16 00:56:30.621000,4164.864,4164.052,3610,4190
2021-04-16 00:56:30.671000,4164.855,4164.148,2250,2250
2021-04-16 00:56:40.209000,4164.564,4164.146,2250,890
2021-04-16 00:56:40.260000,4164.501,4163.848,2250,2250
2021-04-16 00:56:41.616000,4164.364,4163.837,2250,890
2021-04-16 00:56:41.666000,4164.358,4163.651,2250,2250
2021-04-16 00:57:12.724000,4164.067,4163.634,2250,890
2021-04-16 00:57:12.774000,4164.058,4163.339,2250,2250
2021-04-16 00:57:23.447000,4164.301,4163.349,3610,4190
2021-04-16 00:57:23.498000,4164.352,4163.642,2250,2250
2021-04-16 00:57:55.467000,4164.846,4163.649,3610,4190
2021-04-16 00:57:55.517000,4164.864,4164.136,2250,2250
2021-04-16 00:57:55.636000,4164.552,4164.146,2250,890
2021-04-16 00:57:55.686000,4164.501,4163.839,2250,2250
2021-04-16 00:57:58.895000,4164.746,4163.846,3610,4190
2021-04-16 00:57:58.946000,4164.701,4164.039,2250,2250
2021-04-16 00:57:59.056000,4164.801,4164.04,3610,4190
2021-04-16 00:57:59.106000,4164.867,4164.139,2250,2250
2021-04-16 00:57:59.562000,4164.752,4164.197,2250,890
2021-04-16 00:57:59.612000,4164.755,4164.054,2250,2250
2021-04-16 00:57:59.723000,4164.549,4164.097,2250,890
2021-04-16 00:57:59.774000,4164.567,4163.899,2250,2250
2021-04-16 00:58:17.253000,4164.852,4163.834,3610,4190
2021-04-16 00:58:17.304000,4164.846,4164.136,2250,2250
2021-04-16 00:58:37.267000,4164.761,4164.14,2250,890
2021-04-16 00:58:37.317000,4164.761,4164.042,2250,2250
2021-04-16 00:58:37.464000,4164.549,4164.04,2250,890
2021-04-16 00:58:37.514000,4164.567,4163.854,2250,2250
2021-04-16 00:58:37.626000,4164.758,4163.852,3610,4190
2021-04-16 00:58:37.676000,4164.767,4164.033,2250,2250
2021-04-16 00:58:37.785000,4164.567,4164.037,2250,890
2021-04-16 00:58:37.835000,4164.552,4163.842,2250,2250
2021-04-16 00:59:01.878000,4164.701,4163.897,3610,4190
2021-04-16 00:59:01.929000,4164.761,4164.036,2250,2250
2021-04-16 00:59:02.219000,4164.855,4164.097,3610,4190
2021-04-16 00:59:02.269000,4164.855,4164.148,2250,2250
2021-04-16 00:59:04.392000,4164.558,4164.134,2250,890
2021-04-16 00:59:04.442000,4164.564,4163.833,2250,2250
2021-04-16 00:59:09.695000,4164.855,4163.831,3610,4190
2021-04-16 00:59:09.745000,4164.864,4164.133,2250,2250
2021-04-16 00:59:11.663000,4164.552,4164.146,2250,890
2021-04-16 00:59:11.713000,4164.555,4163.833,2250,2250
2021-04-16 00:59:12.316000,4164.861,4163.852,3610,4190
2021-04-16 00:59:12.366000,4164.861,4164.199,2250,2250
2021-04-16 00:59:54.329000,4165.052,4164.143,3610,4190
2021-04-16 00:59:54.379000,4165.052,4164.348,2250,2250
2021-04-16 01:00:01.947000,4164.852,4164.334,2250,890
2021-04-16 01:00:01.997000,4164.861,4164.199,2250,2250
2021-04-16 01:00:06.689000,4165.046,4164.134,3610,4190
2021-04-16 01:00:06.740000,4165.049,4164.354,2250,2250
2021-04-16 01:00:10.843000,4164.867,4164.397,2250,890
2021-04-16 01:00:10.893000,4164.855,4164.136,2250,2250
2021-04-16 01:00:16.804000,4164.558,4164.143,2250,890
2021-04-16 01:00:16.854000,4164.567,4163.851,2250,2250
2021-04-16 01:00:17.445000,4164.852,4163.852,3610,4190
2021-04-16 01:00:17.496000,4164.867,4164.136,2250,2250
2021-04-16 01:00:18.580000,4165.061,4164.143,3610,4190
2021-04-16 01:00:18.630000,4165.046,4164.345,2250,2250
2021-04-16 01:00:21.521000,4164.861,4164.337,2250,890
2021-04-16 01:00:21.572000,4164.849,4164.154,2250,2250
2021-04-16 01:00:27.934000,4164.567,4164.197,2250,890
2021-04-16 01:00:27.984000,4164.501,4163.848,2250,2250
2021-04-16 01:00:30.994000,4164.755,4163.84,3610,4190
2021-04-16 01:00:31.045000,4164.764,4164.054,2250,2250
2021-04-16 01:00:31.155000,4164.558,4164.097,2250,890
2021-04-16 01:00:31.206000,4164.564,4163.899,2250,2250
2021-04-16 01:00:37.947000,4164.858,4163.897,3610,4190
2021-04-16 01:00:37.997000,4164.855,4164.145,2250,2250
2021-04-16 01:00:51.888000,4164.555,4164.152,2250,890
2021-04-16 01:00:51.938000,4164.564,4163.845,2250,2250
2021-04-16 01:00:54.007000,4164.849,4163.84,3610,4190
2021-04-16 01:00:54.057000,4164.867,4164.142,2250,2250
2021-04-16 01:01:13.760000,4165.067,4164.197,3610,4190
2021-04-16 01:01:13.810000,4165.001,4164.399,2250,2250
2021-04-16 01:01:27.128000,4164.846,4164.352,2250,890
2021-04-16 01:01:27.178000,4164.852,4164.145,2250,2250
2021-04-16 01:01:42.906000,4165.046,4164.149,3610,4190
2021-04-16 01:01:42.956000,4165.001,4164.342,2250,2250
2021-04-16 01:02:02.554000,4164.855,4164.331,2250,890
2021-04-16 01:02:02.605000,4164.849,4164.148,2250,2250
2021-04-16 01:02:07.567000,4164.846,4164.346,2250,890
2021-04-16 01:02:07.617000,4165.067,4164.345,2250,2250
2021-04-16 01:02:45.581000,4165.364,4164.343,3610,4190
2021-04-16 01:02:45.632000,4165.355,4164.651,2250,2250
2021-04-16 01:02:46.061000,4165.064,4164.631,2250,890
2021-04-16 01:02:46.111000,4165.055,4164.333,2250,2250
2021-04-16 01:03:01.248000,4165.355,4164.349,3610,4190
2021-04-16 01:03:01.299000,4165.352,4164.651,2250,2250
2021-04-16 01:03:02.103000,4165.064,4164.646,2250,890
2021-04-16 01:03:02.153000,4165.052,4164.342,2250,2250
2021-04-16 01:04:11.320000,4164.849,4164.343,2250,890
2021-04-16 01:04:11.370000,4164.852,4164.142,2250,2250
2021-04-16 01:04:15.525000,4164.967,4164.152,3610,4190
2021-04-16 01:04:15.576000,4164.967,4164.299,2250,2250
2021-04-16 01:04:15.684000,4165.067,4164.231,3610,4190
2021-04-16 01:04:15.734000,4165.049,4164.339,2250,2250
2021-04-16 01:04:22.362000,4164.801,4164.349,2250,890
2021-04-16 01:04:22.412000,4164.849,4164.139,2250,2250
2021-04-16 01:04:22.523000,4164.955,4164.134,3610,4190
2021-04-16 01:04:22.573000,4164.964,4164.245,2250,2250
2021-04-16 01:04:23.002000,4164.867,4164.237,2250,890
2021-04-16 01:04:23.053000,4164.846,4164.145,2250,2250
2021-04-16 01:04:23.483000,4165.061,4164.137,3610,4190
2021-04-16 01:04:23.533000,4165.046,4164.333,2250,2250
2021-04-16 01:04:32.946000,4164.855,4164.331,2250,890
2021-04-16 01:04:32.997000,4164.846,4164.145,2250,2250
2021-04-16 01:04:36.500000,4165.055,4164.137,3610,4190
2021-04-16 01:04:36.550000,4165.064,4164.339,2250,2250
2021-04-16 01:04:57.799000,4165.367,4164.346,3610,4190
2021-04-16 01:04:57.849000,4165.367,4164.651,2250,2250
2021-04-16 01:05:01.392000,4165.046,4164.646,2250,890
2021-04-16 01:05:01.443000,4165.052,4164.348,2250,2250
2021-04-16 01:05:09.708000,4165.255,4164.337,3610,4190
2021-04-16 01:05:09.758000,4165.267,4164.539,2250,2250
2021-04-16 01:05:10.144000,4165.301,4164.543,3610,4190
2021-04-16 01:05:10.194000,4165.358,4164.636,2250,2250
2021-04-16 01:05:39.427000,4165.058,4164.631,2250,890
2021-04-16 01:05:39.477000,4165.067,4164.339,2250,2250
2021-04-16 01:05:39.586000,4165.346,4164.346,3610,4190
2021-04-16 01:05:39.637000,4165.355,4164.645,2250,2250
2021-04-16 01:06:23.571000,4165.561,4164.697,3610,4190
2021-04-16 01:06:23.622000,4165.552,4164.899,2250,2250
2021-04-16 01:06:29.421000,4165.458,4164.837,2250,890
2021-04-16 01:06:29.471000,4165.452,4164.733,2250,2250
2021-04-16 01:06:29.888000,4165.549,4164.734,3610,4190
2021-04-16 01:06:29.938000,4165.567,4164.836,2250,2250
2021-04-16 01:06:36.307000,4165.355,4164.84,2250,890
2021-04-16 01:06:36.358000,4165.352,4164.633,2250,2250
2021-04-16 01:07:08.455000,4165.058,4164.646,2250,890
2021-04-16 01:07:08.505000,4165.049,4164.348,2250,2250
2021-04-16 01:07:09.773000,4165.352,4164.346,3610,4190
2021-04-16 01:07:09.823000,4165.355,4164.651,2250,2250
2021-04-16 01:07:15.225000,4165.055,4164.646,2250,890
2021-04-16 01:07:15.275000,4165.055,4164.333,2250,2250
2021-04-16 01:07:16.884000,4165.352,4164.352,3610,4190
2021-04-16 01:07:16.934000,4165.364,4164.636,2250,2250
2021-04-16 01:07:18.241000,4165.246,4164.649,2250,890
2021-04-16 01:07:18.292000,4165.261,4164.545,2250,2250
2021-04-16 01:07:18.565000,4165.049,4164.549,2250,890
2021-04-16 01:07:18.616000,4165.052,4164.336,2250,2250
2021-04-16 01:07:18.727000,4165.367,4164.334,3610,4190
2021-04-16 01:07:18.777000,4165.301,4164.645,2250,2250
2021-04-16 01:07:27.791000,4165.001,4164.649,2250,890
2021-04-16 01:07:27.841000,4165.052,4164.333,2250,2250
2021-04-16 01:07:29.551000,4165.361,4164.352,3610,4190
2021-04-16 01:07:29.601000,4165.301,4164.642,2250,2250
2021-04-16 01:07:36.906000,4165.052,4164.697,2250,890
2021-04-16 01:07:36.956000,4165.046,4164.348,2250,2250
2021-04-16 01:07:37.067000,4165.355,4164.334,3610,4190
2021-04-16 01:07:37.117000,4165.367,4164.651,2250,2250
2021-04-16 01:07:39.050000,4165.067,4164.631,2250,890
2021-04-16 01:07:39.101000,4165.049,4164.336,2250,2250
2021-04-16 01:08:07.223000,4164.955,4164.334,2250,890
2021-04-16 01:08:07.273000,4164.967,4164.242,2250,2250
2021-04-16 01:08:07.381000,4164.864,4164.237,2250,890
2021-04-16 01:08:07.432000,4164.864,4164.199,2250,2250
2021-04-16 01:08:15.672000,4164.564,4164.137,2250,890
2021-04-16 01:08:15.722000,4164.561,4163.842,2250,2250
2021-04-16 01:08:19.892000,4164.346,4163.849,2250,890
2021-04-16 01:08:19.942000,4164.367,4163.651,2250,2250
2021-04-16 01:08:20.052000,4164.501,4163.697,3610,4190
2021-04-16 01:08:20.102000,4164.549,4163.899,2250,2250
2021-04-16 01:08:20.853000,4164.355,4163.831,2250,890
2021-04-16 01:08:20.904000,4164.355,4163.648,2250,2250
2021-04-16 01:08:21.947000,4164.061,4163.631,2250,890
2021-04-16 01:08:21.997000,4164.046,4163.348,2250,2250
2021-04-16 01:08:22.747000,4163.846,4163.337,2250,890
2021-04-16 01:08:22.797000,4163.849,4163.136,2250,2250
2021-04-16 01:08:24.619000,4164.067,4163.197,3610,4190
2021-04-16 01:08:24.669000,4164.061,4163.351,2250,2250
2021-04-16 01:08:27.660000,4164.301,4163.352,3610,4190
2021-04-16 01:08:27.711000,4164.355,4163.651,2250,2250
2021-04-16 01:08:45.473000,4164.501,4163.646,3610,4190
2021-04-16 01:08:45.524000,4164.558,4163.836,2250,2250
2021-04-16 01:08:45.928000,4164.564,4163.752,3610,4190
2021-04-16 01:08:45.978000,4164.458,4163.751,2250,2250
2021-04-16 01:08:46.136000,4164.561,4163.74,3610,4190
2021-04-16 01:08:46.186000,4164.561,4163.854,2250,2250
2021-04-16 01:08:46.456000,4164.455,4163.852,2250,890
2021-04-16 01:08:46.507000,4164.464,4163.754,2250,2250
2021-04-16 01:08:46.616000,4164.364,4163.746,2250,890
2021-04-16 01:08:46.667000,4164.367,4163.636,2250,2250
2021-04-16 01:08:47.081000,4164.549,4163.652,3610,4190
2021-04-16 01:08:47.131000,4164.561,4163.845,2250,2250
2021-04-16 01:08:59.793000,4164.461,4163.846,2250,890
2021-04-16 01:08:59.843000,4164.467,4163.799,2250,2250
2021-04-16 01:09:00.056000,4164.501,4163.743,3610,4190
2021-04-16 01:09:00.106000,4164.549,4163.899,2250,2250
2021-04-16 01:09:00.378000,4164.549,4163.631,3610,4190
2021-04-16 01:09:00.428000,4164.367,4163.648,2250,2250
2021-04-16 01:09:00.808000,4164.549,4163.697,3610,4190
2021-04-16 01:09:00.858000,4164.552,4163.845,2250,2250
2021-04-16 01:09:37.257000,4164.852,4163.897,3610,4190
2021-04-16 01:09:37.308000,4164.846,4164.148,2250,2250
2021-04-16 01:10:04.052000,4165.049,4164.197,3610,4190
2021-04-16 01:10:04.103000,4165.064,4164.354,2250,2250
2021-04-16 01:10:28.637000,4164.858,4164.334,2250,890
2021-04-16 01:10:28.688000,4164.861,4164.151,2250,2250
2021-04-16 01:10:40.050000,4165.061,4164.14,3610,4190
2021-04-16 01:10:40.101000,4165.058,4164.351,2250,2250
2021-04-16 01:10:59.885000,4165.364,4164.34,3610,4190
2021-04-16 01:10:59.936000,4165.358,4164.639,2250,2250
2021-04-16 01:11:08.505000,4165.061,4164.631,2250,890
2021-04-16 01:11:08.556000,4165.064,4164.339,2250,2250
2021-04-16 01:11:08.665000,4165.367,4164.352,3610,4190
2021-04-16 01:11:08.715000,4165.349,4164.642,2250,2250
2021-04-16 01:11:12.519000,4165.058,4164.649,2250,890
2021-04-16 01:11:12.569000,4165.001,4164.342,2250,2250
2021-04-16 01:11:13.597000,4165.349,4164.352,3610,4190
2021-04-16 01:11:13.647000,4165.358,4164.651,2250,2250
2021-04-16 01:11:15.870000,4165.501,4164.631,3610,4190
2021-04-16 01:11:15.920000,4165.558,4164.848,2250,2250
2021-04-16 01:11:48.953000,4165.364,4164.84,2250,890
2021-04-16 01:11:49.003000,4165.367,4164.654,2250,2250
2021-04-16 01:11:55.196000,4165.564,4164.637,3610,4190
2021-04-16 01:11:55.246000,4165.549,4164.839,2250,2250
2021-04-16 01:12:10.890000,4165.452,4164.837,2250,890
2021-04-16 01:12:10.940000,4165.458,4164.739,2250,2250
2021-04-16 01:12:11.444000,4165.546,4164.731,3610,4190
2021-04-16 01:12:11.495000,4165.501,4164.833,2250,2250
2021-04-16 01:12:15.295000,4165.352,4164.843,2250,890
2021-04-16 01:12:15.345000,4165.352,4164.633,2250,2250
2021-04-16 01:12:50.706000,4165.058,4164.634,2250,890
2021-04-16 01:12:50.756000,4165.001,4164.339,2250,2250
2021-04-16 01:12:50.867000,4165.346,4164.343,3610,4190
2021-04-16 01:12:50.918000,4165.349,4164.636,2250,2250
2021-04-16 01:13:00.413000,4165.049,4164.643,2250,890
2021-04-16 01:13:00.463000,4165.058,4164.345,2250,2250
2021-04-16 01:13:02.239000,4165.361,4164.343,3610,4190
2021-04-16 01:13:02.289000,4165.355,4164.633,2250,2250
2021-04-16 01:13:15.347000,4165.001,4164.637,2250,890
2021-04-16 01:13:15.397000,4165.061,4164.351,2250,2250
2021-04-16 01:13:22.079000,4165.367,4164.349,3610,4190
2021-04-16 01:13:22.129000,4165.352,4164.633,2250,2250
2021-04-16 01:13:22.612000,4165.267,4164.634,2250,890
2021-04-16 01:13:22.662000,4165.261,4164.548,2250,2250
2021-04-16 01:13:22.773000,4165.049,4164.597,2250,890
2021-04-16 01:13:22.824000,4165.001,4164.351,2250,2250
2021-04-16 01:13:24.399000,4165.349,4164.397,3610,4190
2021-04-16 01:13:24.449000,4165.361,4164.654,2250,2250
2021-04-16 01:13:25.063000,4165.264,4164.652,2250,890
2021-04-16 01:13:25.113000,4165.252,4164.551,2250,2250
2021-04-16 01:13:25.383000,4165.055,4164.597,2250,890
2021-04-16 01:13:25.433000,4165.058,4164.333,2250,2250
2021-04-16 01:13:38.336000,4165.355,4164.334,3610,4190
2021-04-16 01:13:38.386000,4165.349,4164.636,2250,2250
2021-04-16 01:13:53.410000,4165.049,4164.652,2250,890
2021-04-16 01:13:53.461000,4165.061,4164.351,2250,2250
2021-04-16 01:13:53.571000,4165.349,4164.349,3610,4190
2021-04-16 01:13:53.621000,4165.361,4164.639,2250,2250
2021-04-16 01:13:53.730000,4165.046,4164.637,2250,890
2021-04-16 01:13:53.781000,4165.055,4164.339,2250,2250
2021-04-16 01:13:54.705000,4165.367,4164.352,3610,4190
2021-04-16 01:13:54.756000,4165.367,4164.654,2250,2250
2021-04-16 01:14:10.023000,4165.501,4164.652,3610,4190
2021-04-16 01:14:10.074000,4165.558,4164.854,2250,2250
2021-04-16 01:14:22.220000,4165.346,4164.843,2250,890
2021-04-16 01:14:22.270000,4165.349,4164.636,2250,2250
2021-04-16 01:14:24.559000,4165.052,4164.634,2250,890
2021-04-16 01:14:24.609000,4165.049,4164.336,2250,2250
2021-04-16 01:14:27.061000,4165.367,4164.343,3610,4190
2021-04-16 01:14:27.112000,4165.352,4164.645,2250,2250
2021-04-16 01:14:31.568000,4165.058,4164.634,2250,890
2021-04-16 01:14:31.619000,4165.049,4164.345,2250,2250
2021-04-16 01:14:31.727000,4165.346,4164.337,3610,4190
2021-04-16 01:14:31.777000,4165.361,4164.639,2250,2250
2021-04-16 01:14:34.309000,4165.067,4164.631,2250,890
2021-04-16 01:14:34.359000,4165.058,4164.336,2250,2250
2021-04-16 01:14:57.030000,4164.867,4164.334,2250,890
2021-04-16 01:14:57.080000,4164.852,4164.136,2250,2250
2021-04-16 01:15:03.034000,4165.061,4164.134,3610,4190
2021-04-16 01:15:03.085000,4165.052,4164.339,2250,2250
2021-04-16 01:15:05.924000,4165.349,4164.331,3610,4190
2021-04-16 01:15:05.974000,4165.355,4164.699,2250,2250
2021-04-16 01:15:09.225000,4165.064,4164.697,2250,890
2021-04-16 01:15:09.275000,4165.067,4164.333,2250,2250
2021-04-16 01:15:31.317000,4165.361,4164.331,3610,4190
2021-04-16 01:15:31.368000,4165.352,4164.636,2250,2250
2021-04-16 01:15:51.812000,4165.058,4164.697,2250,890
2021-04-16 01:15:51.862000,4165.067,4164.399,2250,2250
2021-04-16 01:15:56.184000,4165.352,4164.397,3610,4190
2021-04-16 01:15:56.235000,4165.346,4164.645,2250,2250
2021-04-16 01:15:58.291000,4165.049,4164.634,2250,890
2021-04-16 01:15:58.342000,4165.046,4164.333,2250,2250
2021-04-16 01:15:58.612000,4165.261,4164.352,3610,4190
2021-04-16 01:15:58.662000,4165.252,4164.539,2250,2250
2021-04-16 01:15:58.931000,4165.058,4164.531,2250,890
2021-04-16 01:15:58.981000,4165.001,4164.345,2250,2250
2021-04-16 01:16:02.457000,4165.358,4164.331,3610,4190
2021-04-16 01:16:02.507000,4165.355,4164.645,2250,2250
2021-04-16 01:16:03.592000,4165.201,4164.697,2250,890
2021-04-16 01:16:03.643000,4165.258,4164.542,2250,2250
2021-04-16 01:16:03.753000,4165.061,4164.546,2250,890
2021-04-16 01:16:03.803000,4165.046,4164.354,2250,2250
2021-04-16 01:16:09.603000,4165.201,4164.34,3610,4190
2021-04-16 01:16:09.654000,4165.249,4164.551,2250,2250
2021-04-16 01:16:09.763000,4165.001,4164.597,2250,890
2021-04-16 01:16:09.814000,4165.055,4164.348,2250,2250
2021-04-16 01:16:15.325000,4164.852,4164.337,2250,890
2021-04-16 01:16:15.375000,4164.867,4164.148,2250,2250
2021-04-16 01:16:19.252000,4165.046,4164.152,3610,4190
2021-04-16 01:16:19.302000,4165.055,4164.351,2250,2250
2021-04-16 01:16:21.043000,4164.861,4164.331,2250,890
2021-04-16 01:16:21.093000,4164.855,4164.151,2250,2250
2021-04-16 01:16:28.027000,4165.001,4164.137,3610,4190
2021-04-16 01:16:28.077000,4165.055,4164.336,2250,2250
2021-04-16 01:16:52.370000,4164.855,4164.397,2250,890
2021-04-16 01:16:52.420000,4164.855,4164.199,2250,2250
2021-04-16 01:17:00.414000,4165.058,4164.143,3610,4190
2021-04-16 01:17:00.464000,4165.067,4164.351,2250,2250
2021-04-16 01:17:08.305000,4165.349,4164.346,3610,4190
2021-04-16 01:17:08.355000,4165.346,4164.648,2250,2250
2021-04-16 01:17:09.581000,4165.058,4164.637,2250,890
2021-04-16 01:17:09.631000,4165.055,4164.342,2250,2250
2021-04-16 01:17:13.777000,4165.364,4164.343,3610,4190
2021-04-16 01:17:13.828000,4165.367,4164.654,2250,2250
2021-04-16 01:17:17.624000,4165.055,4164.637,2250,890
2021-04-16 01:17:17.674000,4165.055,4164.345,2250,2250
2021-04-16 01:17:17.783000,4165.201,4164.334,3610,4190
2021-04-16 01:17:17.834000,4165.201,4164.551,2250,2250
2021-04-16 01:17:17.944000,4165.301,4164.537,3610,4190
2021-04-16 01:17:17.994000,4165.361,4164.639,2250,2250
2021-04-16 01:17:21.283000,4165.267,4164.697,2250,890
2021-04-16 01:17:21.333000,4165.261,4164.545,2250,2250
2021-04-16 01:17:21.551000,4165.058,4164.549,2250,890
2021-04-16 01:17:21.601000,4165.061,4164.354,2250,2250
2021-04-16 01:17:21.711000,4165.246,4164.352,3610,4190
2021-04-16 01:17:21.762000,4165.252,4164.554,2250,2250
2021-04-16 01:17:22.913000,4165.001,4164.546,2250,890
2021-04-16 01:17:22.963000,4165.001,4164.348,2250,2250
2021-04-16 01:17:55.553000,4164.867,4164.334,2250,890
2021-04-16 01:17:55.603000,4164.846,4164.142,2250,2250
2021-04-16 01:17:57.036000,4165.046,4164.131,3610,4190
2021-04-16 01:17:57.086000,4165.067,4164.333,2250,2250
2021-04-16 01:17:58.150000,4164.946,4164.397,2250,890
2021-04-16 01:17:58.201000,4164.952,4164.251,2250,2250
2021-04-16 01:17:59.176000,4164.855,4164.243,2250,890
2021-04-16 01:17:59.226000,4164.867,4164.139,2250,2250
2021-04-16 01:18:01.388000,4164.555,4164.152,2250,890
2021-04-16 01:18:01.438000,4164.549,4163.848,2250,2250
2021-04-16 01:18:08.666000,4164.855,4163.843,3610,4190
2021-04-16 01:18:08.717000,4164.864,4164.145,2250,2250
2021-04-16 01:18:09.301000,4164.755,4164.131,2250,890
2021-04-16 01:18:09.352000,4164.749,4164.042,2250,2250
2021-04-16 01:18:09.462000,4164.855,4164.043,3610,4190
2021-04-16 01:18:09.512000,4164.861,4164.154,2250,2250
2021-04-16 01:18:10.974000,4164.546,4164.146,2250,890
2021-04-16 01:18:11.025000,4164.549,4163.899,2250,2250
2021-04-16 01:18:27.969000,4164.755,4163.837,3610,4190
2021-04-16 01:18:28.019000,4164.758,4164.033,2250,2250
2021-04-16 01:18:28.069000,4164.501,4163.848,2250,2250
2021-04-16 01:19:08.250000,4164.355,4163.846,2250,890
2021-04-16 01:19:08.300000,4164.346,4163.633,2250,2250
2021-04-16 01:19:12.319000,4164.561,4163.652,3610,4190
2021-04-16 01:19:12.369000,4164.561,4163.833,2250,2250
2021-04-16 01:19:17.871000,4164.458,4163.834,2250,890
2021-04-16 01:19:17.921000,4164.449,4163.745,2250,2250
2021-04-16 01:19:18.719000,4164.501,4163.797,3610,4190
2021-04-16 01:19:18.769000,4164.567,4163.848,2250,2250
2021-04-16 01:19:25.949000,4164.361,4163.849,2250,890
2021-04-16 01:19:25.999000,4164.349,4163.645,2250,2250
2021-04-16 01:19:31.339000,4164.049,4163.637,2250,890
2021-04-16 01:19:31.389000,4164.064,4163.339,2250,2250
2021-04-16 01:19:33.115000,4164.346,4163.343,3610,4190
2021-04-16 01:19:33.165000,4164.352,4163.699,2250,2250
2021-04-16 01:19:44.090000,4164.049,4163.646,2250,890
2021-04-16 01:19:44.141000,4164.064,4163.333,2250,2250
2021-04-16 01:19:49.841000,4164.258,4163.34,3610,4190
2021-04-16 01:19:49.891000,4164.258,4163.599,2250,2250
2021-04-16 01:19:50.759000,4164.049,4163.552,2250,890
2021-04-16 01:19:50.809000,4164.001,4163.339,2250,2250
2021-04-16 01:19:55.788000,4164.361,4163.337,3610,4190
2021-04-16 01:19:55.839000,4164.358,4163.636,2250,2250
2021-04-16 01:19:56.478000,4164.055,4163.64,2250,890
2021-04-16 01:19:56.529000,4164.052,4163.342,2250,2250
2021-04-16 01:19:56.869000,4164.255,4163.337,3610,4190
2021-04-16 01:19:56.919000,4164.261,4163.548,2250,2250
2021-04-16 01:19:57.813000,4164.067,4163.534,2250,890
2021-04-16 01:19:57.864000,4164.064,4163.354,2250,2250
2021-04-16 01:20:01.293000,4164.061,4163.637,2250,890
2021-04-16 01:20:01.343000,4164.358,4163.642,2250,2250
2021-04-16 01:20:01.616000,4164.258,4163.551,2250,2250
2021-04-16 01:20:01.774000,4164.358,4163.549,3610,4190
2021-04-16 01:20:01.825000,4164.364,4163.639,2250,2250
2021-04-16 01:20:03.083000,4164.052,4163.652,2250,890
2021-04-16 01:20:03.134000,4164.055,4163.333,2250,2250
2021-04-16 01:20:17.670000,4164.252,4163.346,3610,4190
2021-04-16 01:20:17.720000,4164.255,4163.545,2250,2250
2021-04-16 01:20:17.921000,4164.349,4163.54,3610,4190
2021-04-16 01:20:17.971000,4164.355,4163.645,2250,2250
2021-04-16 01:20:31.913000,4164.564,4163.637,3610,4190
2021-04-16 01:20:31.963000,4164.552,4163.854,2250,2250
2021-04-16 01:20:39.539000,4164.355,4163.897,2250,890
2021-04-16 01:20:39.589000,4164.349,4163.633,2250,2250
2021-04-16 01:20:41.107000,4164.501,4163.634,3610,4190
2021-04-16 01:20:41.158000,4164.549,4163.899,2250,2250
2021-04-16 01:20:49.496000,4164.801,4163.84,3610,4190
2021-04-16 01:20:49.547000,4164.867,4164.154,2250,2250
2021-04-16 01:20:49.817000,4164.555,4164.146,2250,890
2021-04-16 01:20:49.868000,4164.564,4163.848,2250,2250
2021-04-16 01:21:05.575000,4164.801,4163.834,3610,4190
2021-04-16 01:21:05.626000,4164.855,4164.148,2250,2250
2021-04-16 01:21:08.807000,4164.564,4164.152,2250,890
2021-04-16 01:21:08.857000,4164.567,4163.899,2250,2250
2021-04-16 01:21:09.504000,4164.867,4163.849,3610,4190
2021-04-16 01:21:09.554000,4164.846,4164.139,2250,2250
2021-04-16 01:21:25.423000,4164.555,4164.134,2250,890
2021-04-16 01:21:25.473000,4164.552,4163.839,2250,2250
2021-04-16 01:21:27.224000,4164.852,4163.834,3610,4190
2021-04-16 01:21:27.274000,4164.867,4164.136,2250,2250
2021-04-16 01:21:31.287000,4164.552,4164.131,2250,890
2021-04-16 01:21:31.337000,4164.567,4163.851,2250,2250
2021-04-16 01:21:31.931000,4164.846,4163.834,3610,4190
2021-04-16 01:21:31.981000,4164.801,4164.136,2250,2250
2021-04-16 01:21:33.790000,4164.555,4164.143,2250,890
2021-04-16 01:21:33.840000,4164.564,4163.851,2250,2250
2021-04-16 01:21:45.001000,4164.764,4163.846,3610,4190
2021-04-16 01:21:45.051000,4164.746,4164.036,2250,2250
2021-04-16 01:21:46.777000,4164.555,4164.04,2250,890
2021-04-16 01:21:46.827000,4164.561,4163.833,2250,2250
2021-04-16 01:21:50.861000,4164.852,4163.843,3610,4190
2021-04-16 01:21:50.911000,4164.852,4164.133,2250,2250
2021-04-16 01:21:51.029000,4164.755,4164.152,2250,890
2021-04-16 01:21:51.079000,4164.764,4164.051,2250,2250
2021-04-16 01:21:51.984000,4164.552,4164.034,2250,890
2021-04-16 01:21:52.034000,4164.546,4163.854,2250,2250
2021-04-16 01:21:59.588000,4164.761,4163.897,3610,4190
2021-04-16 01:21:59.638000,4164.761,4164.045,2250,2250
2021-04-16 01:21:59.943000,4164.852,4164.043,3610,4190
2021-04-16 01:21:59.994000,4164.852,4164.142,2250,2250
2021-04-16 01:22:00.104000,4164.764,4164.134,2250,890
2021-04-16 01:22:00.154000,4164.767,4164.039,2250,2250
2021-04-16 01:22:00.264000,4164.861,4164.052,3610,4190
2021-04-16 01:22:00.314000,4164.855,4164.142,2250,2250
2021-04-16 01:22:02.499000,4164.749,4164.134,2250,890
2021-04-16 01:22:02.550000,4164.767,4164.099,2250,2250
2021-04-16 01:22:02.916000,4164.801,4164.097,3610,4190
2021-04-16 01:22:02.966000,4164.858,4164.133,2250,2250
2021-04-16 01:22:03.077000,4164.549,4164.131,2250,890
2021-04-16 01:22:03.127000,4164.501,4163.842,2250,2250
2021-04-16 01:22:04.101000,4164.801,4163.846,3610,4190
2021-04-16 01:22:04.151000,4164.861,4164.139,2250,2250
2021-04-16 01:22:10.822000,4164.958,4164.137,3610,4190
2021-04-16 01:22:10.873000,4164.952,4164.233,2250,2250
2021-04-16 01:22:10.985000,4164.801,4164.231,2250,890
2021-04-16 01:22:11.036000,4164.858,4164.139,2250,2250
2021-04-16 01:22:54.986000,4164.552,4164.197,2250,890
2021-04-16 01:22:55.036000,4164.558,4163.845,2250,2250
2021-04-16 01:23:15.000000,4164.352,4163.84,2250,890
2021-04-16 01:23:15.050000,4164.352,4163.645,2250,2250
2021-04-16 01:23:22.426000,4164.546,4163.631,3610,4190
2021-04-16 01:23:22.476000,4164.561,4163.851,2250,2250
2021-04-16 01:23:23.197000,4164.452,4163.84,2250,890
2021-04-16 01:23:23.247000,4164.455,4163.736,2250,2250
2021-04-16 01:23:23.731000,4164.555,4163.746,3610,4190
2021-04-16 01:23:23.781000,4164.555,4163.839,2250,2250
2021-04-16 01:23:24.486000,4164.458,4163.84,2250,890
2021-04-16 01:23:24.536000,4164.461,4163.799,2250,2250
2021-04-16 01:23:26.422000,4164.352,4163.752,2250,890
2021-04-16 01:23:26.472000,4164.355,4163.636,2250,2250
2021-04-16 01:23:44.198000,4164.061,4163.643,2250,890
2021-04-16 01:23:44.249000,4164.064,4163.348,2250,2250
2021-04-16 01:23:53.357000,4164.367,4163.639,2250,2250
2021-04-16 01:23:57.530000,4164.001,4163.652,2250,890
2021-04-16 01:23:57.580000,4164.049,4163.345,2250,2250
2021-04-16 01:23:58.253000,4164.252,4163.349,3610,4190
2021-04-16 01:23:58.304000,4164.261,4163.548,2250,2250
2021-04-16 01:23:58.414000,4164.367,4163.549,3610,4190
2021-04-16 01:23:58.465000,4164.367,4163.645,2250,2250
2021-04-16 01:24:00.507000,4164.055,4163.646,2250,890
2021-04-16 01:24:00.557000,4164.001,4163.354,2250,2250
2021-04-16 01:24:03.378000,4164.255,4163.352,3610,4190
2021-04-16 01:24:03.428000,4164.246,4163.545,2250,2250
2021-04-16 01:24:04.892000,4164.064,4163.531,2250,890
2021-04-16 01:24:04.942000,4164.001,4163.336,2250,2250
2021-04-16 01:24:15.807000,4164.267,4163.397,3610,4190
2021-04-16 01:24:15.857000,4164.201,4163.554,2250,2250
2021-04-16 01:24:15.965000,4164.049,4163.597,2250,890
2021-04-16 01:24:16.016000,4164.052,4163.354,2250,2250
2021-04-16 01:24:19.143000,4164.358,4163.34,3610,4190
2021-04-16 01:24:19.193000,4164.346,4163.651,2250,2250
2021-04-16 01:24:51.297000,4164.267,4163.652,2250,890
2021-04-16 01:24:51.347000,4164.258,4163.545,2250,2250
2021-04-16 01:24:51.615000,4164.052,4163.54,2250,890
2021-04-16 01:24:51.666000,4164.049,4163.339,2250,2250
2021-04-16 01:25:08.749000,4164.361,4163.34,3610,4190
2021-04-16 01:25:08.799000,4164.301,4163.642,2250,2250
2021-04-16 01:25:08.911000,4164.046,4163.646,2250,890
2021-04-16 01:25:08.961000,4164.052,4163.348,2250,2250
2021-04-16 01:25:11.427000,4164.246,4163.343,3610,4190
2021-04-16 01:25:11.477000,4164.267,4163.536,2250,2250
2021-04-16 01:25:11.656000,4164.064,4163.537,2250,890
2021-04-16 01:25:11.706000,4164.067,4163.354,2250,2250
2021-04-16 01:25:15.886000,4164.246,4163.349,3610,4190
2021-04-16 01:25:15.936000,4164.264,4163.545,2250,2250
2021-04-16 01:25:16.046000,4164.064,4163.531,2250,890
2021-04-16 01:25:16.096000,4164.064,4163.336,2250,2250
2021-04-16 01:25:19.261000,4164.367,4163.331,3610,4190
2021-04-16 01:25:19.311000,4164.355,4163.642,2250,2250
2021-04-16 01:25:35.076000,4164.067,4163.637,2250,890
2021-04-16 01:25:35.126000,4164.052,4163.336,2250,2250
2021-04-16 01:25:36.645000,4164.364,4163.352,3610,4190
2021-04-16 01:25:36.695000,4164.352,4163.651,2250,2250
2021-04-16 01:25:36.808000,4164.067,4163.64,2250,890
2021-04-16 01:25:36.858000,4164.046,4163.339,2250,2250
2021-04-16 01:25:45.213000,4163.852,4163.334,2250,890
2021-04-16 01:25:45.264000,4163.864,4163.139,2250,2250
2021-04-16 01:25:47.997000,4163.546,4163.197,2250,890
2021-04-16 01:25:48.047000,4163.549,4162.842,2250,2250
2021-04-16 01:25:59.777000,4163.367,4162.837,2250,890
2021-04-16 01:25:59.828000,4163.364,4162.654,2250,2250
2021-04-16 01:26:07.877000,4163.558,4162.631,3610,4190
2021-04-16 01:26:07.928000,4163.564,4162.842,2250,2250
2021-04-16 01:26:34.748000,4163.361,4162.897,2250,890
2021-04-16 01:26:34.799000,4163.346,4162.639,2250,2250
2021-04-16 01:26:34.908000,4163.564,4162.637,3610,4190
2021-04-16 01:26:34.959000,4163.546,4162.839,2250,2250
2021-04-16 01:26:47.254000,4163.367,4162.849,2250,890
2021-04-16 01:26:47.304000,4163.301,4162.642,2250,2250
2021-04-16 01:26:55.784000,4163.049,4162.646,2250,890
2021-04-16 01:26:55.835000,4163.001,4162.336,2250,2250
2021-04-16 01:27:05.652000,4163.361,4162.346,3610,4190
2021-04-16 01:27:05.702000,4163.361,4162.636,2250,2250
2021-04-16 01:27:13.607000,4163.549,4162.646,3610,4190
2021-04-16 01:27:13.657000,4163.567,4162.833,2250,2250
2021-04-16 01:27:17.609000,4163.801,4162.846,3610,4190
2021-04-16 01:27:17.659000,4163.861,4163.136,2250,2250
2021-04-16 01:27:24.059000,4164.061,4163.197,3610,4190
2021-04-16 01:27:24.110000,4164.046,4163.345,2250,2250
2021-04-16 01:27:25.242000,4163.901,4163.334,2250,890
2021-04-16 01:27:25.293000,4163.946,4163.254,2250,2250
2021-04-16 01:27:25.403000,4163.801,4163.243,2250,890
2021-04-16 01:27:25.453000,4163.846,4163.136,2250,2250
2021-04-16 01:27:33.127000,4164.046,4163.152,3610,4190
2021-04-16 01:27:33.177000,4164.049,4163.399,2250,2250
2021-04-16 01:27:33.606000,4163.801,4163.334,2250,890
2021-04-16 01:27:33.657000,4163.846,4163.154,2250,2250
2021-04-16 01:27:38.845000,4164.046,4163.134,3610,4190
2021-04-16 01:27:38.896000,4164.055,4163.336,2250,2250
2021-04-16 01:27:39.006000,4163.855,4163.397,2250,890
2021-04-16 01:27:39.056000,4163.867,4163.142,2250,2250
2021-04-16 01:28:11.127000,4164.064,4163.131,3610,4190
2021-04-16 01:28:11.177000,4164.052,4163.348,2250,2250
2021-04-16 01:28:24.867000,4163.852,4163.34,2250,890
2021-04-16 01:28:24.917000,4163.801,4163.151,2250,2250
2021-04-16 01:29:01.614000,4164.058,4163.131,3610,4190
2021-04-16 01:29:01.665000,4164.061,4163.399,2250,2250
2021-04-16 01:29:07.191000,4163.855,4163.331,2250,890
2021-04-16 01:29:07.242000,4163.846,4163.145,2250,2250
2021-04-16 01:29:11.647000,4164.064,4163.14,3610,4190
2021-04-16 01:29:11.697000,4164.067,4163.339,2250,2250
2021-04-16 01:29:31.678000,4163.564,4163.34,2250,890
2021-04-16 01:29:31.728000,4163.555,4162.833,2250,2250
2021-04-16 01:29:31.838000,4163.861,4162.846,3610,4190
2021-04-16 01:29:31.888000,4163.861,4163.151,2250,2250
2021-04-16 01:29:32.001000,4163.558,4163.14,2250,890
2021-04-16 01:29:32.052000,4163.555,4162.848,2250,2250
2021-04-16 01:29:37.100000,4163.849,4162.897,3610,4190
2021-04-16 01:29:37.150000,4163.801,4163.199,2250,2250
2021-04-16 01:29:40.544000,4163.701,4163.152,2250,890
2021-04-16 01:29:40.594000,4163.758,4163.048,2250,2250
2021-04-16 01:29:40.704000,4163.549,4163.04,2250,890
2021-04-16 01:29:40.754000,4163.564,4162.836,2250,2250
2021-04-16 01:30:00.544000,4163.846,4162.837,3610,4190
2021-04-16 01:30:00.594000,4163.846,4163.148,2250,2250
2021-04-16 01:30:01.345000,4163.555,4163.131,2250,890
2021-04-16 01:30:01.395000,4163.552,4162.851,2250,2250
2021-04-16 01:30:01.825000,4163.861,4162.837,3610,4190
2021-04-16 01:30:01.875000,4163.852,4163.136,2250,2250
2021-04-16 01:30:02.945000,4164.052,4163.146,3610,4190
2021-04-16 01:30:02.996000,4164.058,4163.354,2250,2250
2021-04-16 01:30:03.585000,4163.867,4163.334,2250,890
2021-04-16 01:30:03.635000,4163.849,4163.139,2250,2250
2021-04-16 01:30:05.725000,4164.049,4163.134,3610,4190
2021-04-16 01:30:05.775000,4164.046,4163.348,2250,2250
2021-04-16 01:30:07.204000,4163.801,4163.352,2250,890
2021-04-16 01:30:07.254000,4163.801,4163.136,2250,2250
2021-04-16 01:30:12.514000,4163.552,4163.143,2250,890
2021-04-16 01:30:12.565000,4163.561,4162.845,2250,2250
2021-04-16 01:30:14.430000,4163.867,4162.897,3610,4190
2021-04-16 01:30:14.480000,4163.864,4163.133,2250,2250
2021-04-16 01:30:15.471000,4163.501,4162.833,2250,2250
2021-04-16 01:30:34.228000,4163.846,4162.837,3610,4190
2021-04-16 01:30:34.278000,4163.858,4163.145,2250,2250
2021-04-16 01:30:34.867000,4163.555,4163.146,2250,890
2021-04-16 01:30:34.917000,4163.546,4162.839,2250,2250
2021-04-16 01:30:35.189000,4163.864,4162.84,3610,4190
2021-04-16 01:30:35.239000,4163.846,4163.142,2250,2250
2021-04-16 01:30:35.670000,4163.749,4163.197,2250,890
2021-04-16 01:30:35.720000,4163.752,4163.042,2250,2250
2021-04-16 01:30:35.859000,4163.501,4162.848,2250,2250
2021-04-16 01:30:41.992000,4163.767,4162.849,3610,4190
2021-04-16 01:30:42.043000,4163.758,4163.051,2250,2250
2021-04-16 01:30:42.150000,4163.858,4163.046,3610,4190
2021-04-16 01:30:42.201000,4163.864,4163.199,2250,2250
2021-04-16 01:30:45.859000,4163.558,4163.134,2250,890
2021-04-16 01:30:45.910000,4163.501,4162.854,2250,2250
2021-04-16 01:30:48.080000,4163.758,4162.897,3610,4190
2021-04-16 01:30:48.131000,4163.701,4163.045,2250,2250
2021-04-16 01:30:48.237000,4163.501,4163.049,2250,890
2021-04-16 01:30:48.288000,4163.549,4162.836,2250,2250
2021-04-16 01:30:53.966000,4163.761,4162.837,3610,4190
2021-04-16 01:30:54.017000,4163.701,4163.039,2250,2250
2021-04-16 01:30:54.454000,4163.564,4163.034,2250,890
2021-04-16 01:30:54.504000,4163.549,4162.899,2250,2250
2021-04-16 01:31:02.979000,4163.346,4162.849,2250,890
2021-04-16 01:31:03.029000,4163.349,4162.645,2250,2250
2021-04-16 01:31:03.300000,4163.555,4162.652,3610,4190
2021-04-16 01:31:03.350000,4163.564,4162.848,2250,2250
2021-04-16 01:31:05.892000,4163.452,4162.849,2250,890
2021-04-16 01:31:05.943000,4163.461,4162.748,2250,2250
2021-04-16 01:31:06.325000,4163.501,4162.737,3610,4190
2021-04-16 01:31:06.375000,4163.564,4162.845,2250,2250
2021-04-16 01:31:08.404000,4163.349,4162.831,2250,890
2021-04-16 01:31:08.454000,4163.364,4162.651,2250,2250
2021-04-16 01:31:08.557000,4163.346,4162.834,2250,890
2021-04-16 01:31:08.608000,4163.501,4162.836,2250,2250
2021-04-16 01:31:08.714000,4163.401,4162.84,2250,890
2021-04-16 01:31:08.764000,4163.446,4162.799,2250,2250
2021-04-16 01:31:09.085000,4163.552,4162.749,3610,4190
2021-04-16 01:31:09.136000,4163.564,4162.836,2250,2250
2021-04-16 01:31:31.504000,4163.855,4162.852,3610,4190
2021-04-16 01:31:31.554000,4163.801,4163.142,2250,2250
2021-04-16 01:31:31.823000,4163.567,4163.197,2250,890
2021-04-16 01:31:31.873000,4163.555,4162.899,2250,2250
2021-04-16 01:31:34.067000,4163.767,4162.897,3610,4190
2021-04-16 01:31:34.117000,4163.749,4163.036,2250,2250
2021-04-16 01:31:34.389000,4163.549,4163.037,2250,890
2021-04-16 01:31:34.439000,4163.552,4162.854,2250,2250
2021-04-16 01:31:42.857000,4163.767,4162.852,3610,4190
2021-04-16 01:31:42.907000,4163.755,4163.039,2250,2250
2021-04-16 01:31:43.017000,4163.858,4163.034,3610,4190
2021-04-16 01:31:43.067000,4163.858,4163.151,2250,2250
2021-04-16 01:31:43.686000,4163.564,4163.152,2250,890
2021-04-16 01:31:43.737000,4163.555,4162.899,2250,2250
2021-04-16 01:31:43.979000,4163.801,4163.148,2250,2250
2021-04-16 01:31:45.379000,4163.501,4163.137,2250,890
2021-04-16 01:31:45.429000,4163.558,4162.848,2250,2250
2021-04-16 01:31:45.720000,4163.761,4162.852,3610,4190
2021-04-16 01:31:45.771000,4163.767,4163.048,2250,2250
2021-04-16 01:31:45.880000,4163.858,4163.031,3610,4190
2021-04-16 01:31:45.931000,4163.801,4163.133,2250,2250
2021-04-16 01:31:47.361000,4163.755,4163.149,2250,890
2021-04-16 01:31:47.412000,4163.764,4163.054,2250,2250
2021-04-16 01:31:47.904000,4163.858,4163.04,3610,4190
2021-04-16 01:31:47.955000,4163.801,4163.139,2250,2250
2021-04-16 01:31:48.064000,4163.758,4163.131,2250,890
2021-04-16 01:31:48.114000,4163.749,4163.051,2250,2250
2021-04-16 01:31:48.808000,4163.858,4163.052,3610,4190
2021-04-16 01:31:48.858000,4163.858,4163.151,2250,2250
2021-04-16 01:31:56.073000,4164.049,4163.14,3610,4190
2021-04-16 01:31:56.123000,4164.001,4163.399,2250,2250
2021-04-16 01:31:56.234000,4163.801,4163.337,2250,890
2021-04-16 01:31:56.284000,4163.849,4163.199,2250,2250
2021-04-16 01:31:57.674000,4164.064,4163.137,3610,4190
2021-04-16 01:31:57.724000,4164.055,4163.351,2250,2250
2021-04-16 01:32:12.876000,4163.867,4163.349,2250,890
2021-04-16 01:32:12.927000,4163.846,4163.145,2250,2250
2021-04-16 01:32:13.283000,4164.064,4163.143,3610,4190
2021-04-16 01:32:13.334000,4164.064,4163.399,2250,2250
2021-04-16 01:32:32.027000,4163.864,4163.343,2250,890
2021-04-16 01:32:32.078000,4163.846,4163.133,2250,2250
2021-04-16 01:32:33.027000,4164.064,4163.152,3610,4190
2021-04-16 01:32:33.077000,4164.046,4163.351,2250,2250
2021-04-16 01:32:49.357000,4164.352,4163.349,3610,4190
2021-04-16 01:32:49.407000,4164.301,4163.636,2250,2250
2021-04-16 01:32:50.567000,4164.052,4163.697,2250,890
2021-04-16 01:32:50.618000,4164.001,4163.339,2250,2250
2021-04-16 01:32:51.960000,4164.246,4163.343,3610,4190
2021-04-16 01:32:52.010000,4164.258,4163.551,2250,2250
2021-04-16 01:32:52.703000,4164.346,4163.537,3610,4190
2021-04-16 01:32:52.753000,4164.346,4163.639,2250,2250
2021-04-16 01:33:02.863000,4164.046,4163.64,2250,890
2021-04-16 01:33:02.990000,4164.067,4163.333,2250,2250
2021-04-16 01:33:04.241000,4164.355,4163.352,3610,4190
2021-04-16 01:33:04.291000,4164.361,4163.633,2250,2250
2021-04-16 01:33:16.507000,4164.064,4163.652,2250,890
2021-04-16 01:33:16.558000,4164.049,4163.399,2250,2250
2021-04-16 01:33:18.394000,4164.355,4163.343,3610,4190
2021-04-16 01:33:18.444000,4164.361,4163.636,2250,2250
2021-04-16 01:33:19.060000,4164.046,4163.643,2250,890
2021-04-16 01:33:19.111000,4164.049,4163.354,2250,2250
2021-04-16 01:33:19.380000,4164.352,4163.337,3610,4190
2021-04-16 01:33:19.430000,4164.364,4163.699,2250,2250
2021-04-16 01:33:21.315000,4164.055,4163.631,2250,890
2021-04-16 01:33:21.366000,4164.046,4163.342,2250,2250
2021-04-16 01:33:21.472000,4164.358,4163.346,3610,4190
2021-04-16 01:33:21.522000,4164.358,4163.639,2250,2250
2021-04-16 01:33:21.793000,4164.258,4163.643,2250,890
2021-04-16 01:33:21.843000,4164.258,4163.554,2250,2250
2021-04-16 01:33:21.951000,4164.058,4163.537,2250,890
2021-04-16 01:33:22.002000,4164.001,4163.342,2250,2250
2021-04-16 01:33:23.572000,4164.346,4163.343,3610,4190
2021-04-16 01:33:23.623000,4164.352,4163.699,2250,2250
2021-04-16 01:33:34.533000,4164.061,4163.631,2250,890
2021-04-16 01:33:34.583000,4164.049,4163.333,2250,2250
2021-04-16 01:33:48.755000,4164.355,4163.337,3610,4190
2021-04-16 01:33:48.805000,4164.349,4163.648,2250,2250
2021-04-16 01:34:12.375000,4164.061,4163.634,2250,890
2021-04-16 01:34:12.425000,4164.064,4163.354,2250,2250
2021-04-16 01:34:12.534000,4164.349,4163.343,3610,4190
2021-04-16 01:34:12.584000,4164.358,4163.642,2250,2250
2021-04-16 01:34:26.665000,4164.549,4163.643,3610,4190
2021-04-16 01:34:26.715000,4164.561,4163.836,2250,2250
2021-04-16 01:34:33.961000,4164.346,4163.897,2250,890
2021-04-16 01:34:34.011000,4164.346,4163.642,2250,2250
2021-04-16 01:34:37.369000,4164.401,4163.649,3610,4190
2021-04-16 01:34:37.419000,4164.464,4163.754,2250,2250
2021-04-16 01:34:37.744000,4164.564,4163.737,3610,4190
2021-04-16 01:34:37.795000,4164.555,4163.839,2250,2250
2021-04-16 01:34:38.063000,4164.564,4163.652,3610,4190
2021-04-16 01:34:38.113000,4164.361,4163.642,2250,2250
2021-04-16 01:35:00.851000,4164.449,4163.634,3610,4190
2021-04-16 01:35:00.902000,4164.458,4163.736,2250,2250
2021-04-16 01:35:01.493000,4164.552,4163.74,3610,4190
2021-04-16 01:35:01.543000,4164.501,4163.836,2250,2250
2021-04-16 01:35:04.259000,4164.355,4163.831,2250,890
2021-04-16 01:35:04.310000,4164.346,4163.645,2250,2250
2021-04-16 01:35:04.419000,4164.458,4163.634,3610,4190
2021-04-16 01:35:04.470000,4164.455,4163.745,2250,2250
2021-04-16 01:35:04.581000,4164.549,4163.752,3610,4190
2021-04-16 01:35:04.632000,4164.552,4163.851,2250,2250
2021-04-16 01:35:09.949000,4164.861,4163.843,3610,4190
2021-04-16 01:35:09.999000,4164.801,4164.133,2250,2250
2021-04-16 01:35:44.580000,4164.567,4164.146,2250,890
2021-04-16 01:35:44.630000,4164.549,4163.842,2250,2250
2021-04-16 01:36:01.386000,4164.864,4163.852,3610,4190
2021-04-16 01:36:01.437000,4164.858,4164.148,2250,2250
2021-04-16 01:36:01.703000,4164.546,4164.14,2250,890
2021-04-16 01:36:01.753000,4164.567,4163.833,2250,2250
2021-04-16 01:36:07.323000,4164.364,4163.834,2250,890
2021-04-16 01:36:07.373000,4164.367,4163.645,2250,2250
2021-04-16 01:36:08.234000,4164.552,4163.64,3610,4190
2021-04-16 01:36:08.284000,4164.561,4163.839,2250,2250
2021-04-16 01:36:08.394000,4164.301,4163.84,2250,890
2021-04-16 01:36:08.444000,4164.352,4163.633,2250,2250
2021-04-16 01:36:08.713000,4164.449,4163.64,3610,4190
2021-04-16 01:36:08.764000,4164.464,4163.748,2250,2250
2021-04-16 01:36:09.393000,4164.555,4163.752,3610,4190
2021-04-16 01:36:09.443000,4164.501,4163.839,2250,2250
2021-04-16 01:36:15.060000,4164.352,4163.852,2250,890
2021-04-16 01:36:15.110000,4164.361,4163.636,2250,2250
2021-04-16 01:36:16.252000,4164.564,4163.649,3610,4190
2021-04-16 01:36:16.303000,4164.552,4163.833,2250,2250
2021-04-16 01:36:16.411000,4164.449,4163.837,2250,890
2021-04-16 01:36:16.461000,4164.452,4163.733,2250,2250
2021-04-16 01:36:16.732000,4164.552,4163.752,3610,4190
2021-04-16 01:36:16.782000,4164.546,4163.854,2250,2250
2021-04-16 01:36:32.144000,4164.301,4163.846,2250,890
2021-04-16 01:36:32.195000,4164.367,4163.651,2250,2250
2021-04-16 01:36:35.454000,4164.555,4163.697,3610,4190
2021-04-16 01:36:35.504000,4164.558,4163.836,2250,2250
2021-04-16 01:36:43.023000,4164.861,4163.852,3610,4190
2021-04-16 01:36:43.073000,4164.861,4164.199,2250,2250
2021-04-16 01:36:45.269000,4164.552,4164.14,2250,890
2021-04-16 01:36:45.320000,4164.552,4163.842,2250,2250
2021-04-16 01:36:56.803000,4164.801,4163.843,3610,4190
2021-04-16 01:36:56.854000,4164.801,4164.148,2250,2250
2021-04-16 01:36:57.295000,4164.549,4164.146,2250,890
2021-04-16 01:36:57.345000,4164.549,4163.842,2250,2250
2021-04-16 01:37:00.664000,4164.858,4163.834,3610,4190
2021-04-16 01:37:00.714000,4164.861,4164.154,2250,2250
2021-04-16 01:37:00.825000,4164.555,4164.137,2250,890
2021-04-16 01:37:00.875000,4164.558,4163.899,2250,2250
2021-04-16 01:37:06.310000,4164.752,4163.849,3610,4190
2021-04-16 01:37:06.360000,4164.767,4164.048,2250,2250
2021-04-16 01:37:06.672000,4164.561,4164.097,2250,890
2021-04-16 01:37:06.722000,4164.549,4163.836,2250,2250
2021-04-16 01:37:09.849000,4164.858,4163.897,3610,4190
