2020-01-05 23:00:02.755000,3219.466,3218.755,3590,1280
2020-01-05 23:00:02.998000,3219.548,3218.755,3590,4710
2020-01-05 23:00:03.048000,3219.548,3218.852,330,3160
2020-01-05 23:00:03.160000,3219.451,3218.852,330,910
2020-01-05 23:00:03.210000,3219.451,3218.755,2470,1280
2020-01-05 23:00:03.321000,3219.351,3218.755,330,1280
2020-01-05 23:00:03.371000,3219.351,3218.655,330,910
2020-01-05 23:00:03.481000,3219.566,3218.655,3590,3160
2020-01-05 23:00:03.532000,3219.566,3218.852,3590,3160
2020-01-05 23:00:04.287000,3219.357,3218.852,330,910
2020-01-05 23:00:04.337000,3219.357,3218.64,2470,4710
2020-01-05 23:00:04.448000,3219.548,3218.64,3590,4710
2020-01-05 23:00:04.499000,3219.548,3218.855,330,3160
2020-01-05 23:00:05.421000,3219.448,3218.752,330,910
2020-01-05 23:00:05.578000,3219.554,3218.752,3590,3160
2020-01-05 23:00:05.629000,3219.554,3218.834,2470,4710
2020-01-05 23:00:05.861000,3219.048,3218.834,330,1280
2020-01-05 23:00:05.911000,3219.048,3218.4,330,910
2020-01-05 23:00:06.345000,3219.4,3218.4,3590,3160
2020-01-05 23:00:06.395000,3219.4,3218.749,330,1280
2020-01-05 23:00:06.446000,3219.9,3219.255,330,1280
2020-01-05 23:00:06.721000,3220.56,3219.255,3590,4710
2020-01-05 23:00:06.775000,3220.56,3219.834,330,4710
2020-01-05 23:00:06.826000,3220.0,3219.343,2470,910
2020-01-05 23:00:07.223000,3219.863,3219.343,330,910
2020-01-05 23:00:07.273000,3219.863,3219.134,3590,4710
2020-01-05 23:00:07.540000,3219.566,3219.134,330,1280
2020-01-05 23:00:07.590000,3219.566,3218.834,3590,4710
2020-01-05 23:00:07.701000,3219.86,3218.834,3590,4710
2020-01-05 23:00:07.751000,3219.86,3219.149,3590,1280
2020-01-05 23:00:07.863000,3219.948,3219.149,3590,4710
2020-01-05 23:00:07.913000,3219.948,3219.3,330,910
2020-01-05 23:00:08.025000,3219.56,3219.3,330,910
2020-01-05 23:00:08.075000,3219.56,3218.843,2470,1280
2020-01-05 23:00:08.211000,3219.56,3218.843,2470,910
2020-01-05 23:00:08.262000,3219.857,3219.152,330,1280
2020-01-05 23:00:08.312000,3220.363,3219.649,3590,1280
2020-01-05 23:00:08.439000,3220.154,3219.649,330,1280
2020-01-05 23:00:08.489000,3220.154,3219.434,2470,4710
2020-01-05 23:00:08.600000,3219.86,3219.434,330,1280
2020-01-05 23:00:08.651000,3219.86,3219.143,2470,4710
2020-01-05 23:00:08.752000,3220.363,3219.143,3590,4710
2020-01-05 23:00:08.802000,3220.363,3219.634,3590,4710
2020-01-05 23:00:08.911000,3220.445,3219.634,3590,4710
2020-01-05 23:00:08.961000,3220.445,3219.743,2470,4710
2020-01-05 23:00:09.233000,3220.554,3219.743,3590,4710
2020-01-05 23:00:09.283000,3220.554,3219.855,2470,910
2020-01-05 23:00:09.395000,3220.351,3219.855,330,910
2020-01-05 23:00:09.445000,3220.351,3219.634,3590,4710
2020-01-05 23:00:10.043000,3220.56,3219.634,3590,4710
2020-01-05 23:00:10.093000,3220.56,3219.9,330,910
2020-01-05 23:00:10.361000,3220.3,3219.9,330,910
2020-01-05 23:00:10.411000,3220.3,3219.637,330,4710
2020-01-05 23:00:10.652000,3221.045,3219.637,3590,4710
2020-01-05 23:00:10.703000,3220.345,3219.637,330,1280
2020-01-05 23:00:10.976000,3220.854,3219.637,3590,4710
2020-01-05 23:00:11.026000,3220.854,3220.155,330,910
2020-01-05 23:00:11.786000,3221.0,3220.155,3590,3160
2020-01-05 23:00:11.837000,3221.0,3220.343,330,4710
2020-01-05 23:00:12.108000,3220.945,3220.343,330,1280
2020-01-05 23:00:12.159000,3220.945,3220.237,330,4710
2020-01-05 23:00:12.270000,3221.051,3220.237,3590,4710
2020-01-05 23:00:12.320000,3221.051,3220.352,2470,4710
2020-01-05 23:00:12.430000,3220.854,3220.352,330,1280
2020-01-05 23:00:12.480000,3220.854,3220.143,2470,1280
2020-01-05 23:00:12.575000,3221.363,3220.143,3590,4710
2020-01-05 23:00:12.625000,3221.363,3220.634,2470,4710
2020-01-05 23:00:12.897000,3221.554,3220.634,3590,4710
2020-01-05 23:00:12.947000,3221.554,3220.9,330,3160
2020-01-05 23:00:13.267000,3221.045,3220.9,330,910
2020-01-05 23:00:13.317000,3221.045,3220.343,330,910
2020-01-05 23:00:13.426000,3221.354,3220.343,3590,3160
2020-01-05 23:00:13.476000,3221.354,3220.64,2470,4710
2020-01-05 23:00:13.583000,3221.566,3220.64,3590,4710
2020-01-05 23:00:13.633000,3221.566,3220.846,3590,910
2020-01-05 23:00:13.906000,3221.348,3220.846,330,910
2020-01-05 23:00:13.956000,3221.348,3220.649,330,910
2020-01-05 23:00:14.227000,3221.048,3220.649,330,910
2020-01-05 23:00:14.278000,3221.048,3220.337,330,4710
2020-01-05 23:00:14.615000,3220.954,3220.337,330,1280
2020-01-05 23:00:14.665000,3220.954,3220.234,2470,4710
2020-01-05 23:00:14.775000,3220.857,3220.234,330,1280
2020-01-05 23:00:14.825000,3220.857,3220.14,3590,3160
2020-01-05 23:00:14.935000,3221.0,3220.14,3590,3160
2020-01-05 23:00:14.986000,3221.0,3220.352,330,4710
2020-01-05 23:00:15.257000,3221.3,3220.352,3590,4710
2020-01-05 23:00:15.307000,3221.3,3220.652,330,1280
2020-01-05 23:00:18.840000,3221.345,3220.652,290,1280
2020-01-05 23:00:18.890000,3221.051,3220.349,330,1280
2020-01-05 23:00:18.993000,3221.566,3220.349,3590,4710
2020-01-05 23:00:19.043000,3221.566,3220.84,3590,4710
2020-01-05 23:00:19.155000,3221.854,3220.84,3590,4710
2020-01-05 23:00:19.205000,3221.854,3221.152,330,3160
2020-01-05 23:00:19.316000,3221.551,3221.152,330,910
2020-01-05 23:00:19.366000,3221.551,3220.846,2470,910
2020-01-05 23:00:19.516000,3221.663,3220.846,3590,4710
2020-01-05 23:00:19.566000,3221.663,3220.934,3590,4710
2020-01-05 23:00:19.638000,3221.863,3220.934,3590,4710
2020-01-05 23:00:19.689000,3221.863,3221.152,3590,910
2020-01-05 23:00:19.800000,3221.557,3221.152,330,910
2020-01-05 23:00:19.850000,3221.557,3220.852,330,910
2020-01-05 23:00:20.130000,3221.4,3220.852,330,910
2020-01-05 23:00:20.180000,3221.4,3220.74,330,1280
2020-01-05 23:00:20.449000,3221.554,3220.74,3590,4710
2020-01-05 23:00:20.499000,3221.554,3220.852,330,1280
2020-01-05 23:00:20.612000,3221.654,3220.852,3590,4710
2020-01-05 23:00:20.662000,3221.06,3220.337,3590,4710
2020-01-05 23:00:20.818000,3221.4,3220.337,3590,4710
2020-01-05 23:00:20.868000,3221.4,3220.737,330,3160
2020-01-05 23:00:20.977000,3221.354,3220.737,330,910
2020-01-05 23:00:21.027000,3221.354,3220.649,330,1280
2020-01-05 23:00:21.621000,3221.454,3220.649,3590,4710
2020-01-05 23:00:21.671000,3221.454,3220.74,2470,4710
2020-01-05 23:00:21.941000,3221.563,3220.74,3590,4710
2020-01-05 23:00:21.991000,3221.563,3220.855,3590,910
2020-01-05 23:00:22.102000,3221.357,3220.855,330,910
2020-01-05 23:00:22.153000,3221.357,3220.634,330,4710
2020-01-05 23:00:22.746000,3221.4,3220.634,3590,4710
2020-01-05 23:00:22.796000,3221.4,3220.734,330,4710
2020-01-05 23:00:22.907000,3221.548,3220.734,3590,4710
2020-01-05 23:00:22.958000,3221.548,3220.9,330,910
2020-01-05 23:00:23.545000,3221.063,3220.9,330,910
2020-01-05 23:00:23.596000,3221.063,3220.343,3590,3160
2020-01-05 23:00:23.709000,3221.351,3220.343,3590,3160
2020-01-05 23:00:23.759000,3221.351,3220.637,330,4710
2020-01-05 23:00:23.866000,3221.554,3220.637,3590,4710
2020-01-05 23:00:23.916000,3221.554,3220.852,2470,910
2020-01-05 23:00:24.190000,3221.851,3220.852,3590,3160
2020-01-05 23:00:24.241000,3221.851,3221.152,330,3160
2020-01-05 23:00:24.470000,3222.36,3221.152,3590,3160
2020-01-05 23:00:24.520000,3222.36,3221.637,2470,4710
2020-01-05 23:00:24.629000,3222.066,3221.637,330,1280
2020-01-05 23:00:24.704000,3222.066,3221.349,3590,3160
2020-01-05 23:00:24.794000,3221.963,3221.349,330,910
2020-01-05 23:00:24.849000,3221.963,3221.24,3590,4710
2020-01-05 23:00:24.952000,3221.963,3221.134,3590,4710
2020-01-05 23:00:25.003000,3221.854,3221.134,330,4710
2020-01-05 23:00:25.275000,3222.066,3221.134,3590,4710
2020-01-05 23:00:25.325000,3222.066,3221.334,3590,4710
2020-01-05 23:00:25.434000,3221.966,3221.334,330,1280
2020-01-05 23:00:25.484000,3221.966,3221.234,3590,4710
2020-01-05 23:00:25.596000,3222.0,3221.234,3590,4710
2020-01-05 23:00:25.647000,3222.0,3221.349,330,910
2020-01-05 23:00:26.097000,3221.866,3221.349,330,910
2020-01-05 23:00:26.147000,3221.866,3221.149,3590,910
2020-01-05 23:00:26.198000,3221.3,3220.646,330,4710
2020-01-05 23:00:26.352000,3221.654,3220.646,3590,4710
2020-01-05 23:00:26.402000,3221.654,3220.937,3590,4710
2020-01-05 23:00:26.675000,3221.863,3220.937,3590,4710
2020-01-05 23:00:26.725000,3221.863,3221.155,3590,910
2020-01-05 23:00:27.966000,3222.066,3221.155,3590,3160
2020-01-05 23:00:28.016000,3222.066,3221.334,3590,4710
2020-01-05 23:00:28.284000,3221.948,3221.334,330,1280
2020-01-05 23:00:28.334000,3221.948,3221.243,330,1280
2020-01-05 23:00:28.444000,3221.86,3221.243,330,1280
2020-01-05 23:00:28.495000,3221.86,3221.143,2470,1280
2020-01-05 23:00:28.606000,3222.145,3221.143,3590,4710
2020-01-05 23:00:28.656000,3222.145,3221.449,330,1280
2020-01-05 23:00:28.768000,3222.066,3221.449,330,1280
2020-01-05 23:00:28.818000,3222.066,3221.337,3590,4710
2020-01-05 23:00:30.553000,3221.8,3221.337,330,1280
2020-01-05 23:00:30.604000,3221.8,3221.149,330,910
2020-01-05 23:00:31.037000,3222.054,3221.149,3590,3160
2020-01-05 23:00:31.088000,3222.054,3221.349,3590,910
2020-01-05 23:00:31.936000,3221.945,3221.349,330,910
2020-01-05 23:00:31.987000,3221.945,3221.255,330,1280
2020-01-05 23:00:32.098000,3221.86,3221.255,330,1280
2020-01-05 23:00:32.149000,3221.86,3221.2,3590,3160
2020-01-05 23:00:32.266000,3222.0,3221.2,3590,3160
2020-01-05 23:00:32.316000,3222.0,3221.349,330,4710
2020-01-05 23:00:32.420000,3221.86,3221.349,330,1280
2020-01-05 23:00:32.470000,3221.86,3221.134,3590,4710
2020-01-05 23:00:32.582000,3221.951,3221.134,3590,4710
2020-01-05 23:00:32.632000,3221.951,3221.255,2470,1280
2020-01-05 23:00:32.743000,3222.063,3221.255,3590,4710
2020-01-05 23:00:32.793000,3222.063,3221.343,3590,3160
2020-01-05 23:00:33.390000,3221.854,3221.343,330,910
2020-01-05 23:00:33.450000,3221.854,3221.149,330,4710
2020-01-05 23:00:34.577000,3221.966,3221.149,3590,4710
2020-01-05 23:00:34.627000,3221.966,3221.234,3590,4710
2020-01-05 23:00:34.737000,3221.857,3221.234,330,1280
2020-01-05 23:00:35.864000,3221.666,3221.143,330,1280
2020-01-05 23:00:35.914000,3221.666,3220.949,3590,910
2020-01-05 23:00:36.026000,3221.854,3220.949,3590,3160
2020-01-05 23:00:36.077000,3221.854,3221.155,330,910
2020-01-05 23:00:36.194000,3222.066,3221.34,3590,3160
2020-01-05 23:00:36.244000,3222.066,3221.34,3590,4710
2020-01-05 23:00:40.827000,3221.948,3221.34,330,1280
2020-01-05 23:00:40.877000,3221.948,3221.252,2470,910
2020-01-05 23:00:41.150000,3221.857,3221.252,330,910
2020-01-05 23:00:41.201000,3221.857,3221.152,330,3160
2020-01-05 23:00:42.230000,3221.5,3221.152,330,910
2020-01-05 23:00:42.280000,3221.5,3220.855,330,910
2020-01-05 23:00:43.196000,3221.354,3220.64,330,4710
2020-01-05 23:00:43.247000,3221.354,3220.64,3590,4710
2020-01-05 23:00:44.704000,3221.066,3220.64,330,1280
2020-01-05 23:00:44.754000,3221.066,3220.343,3590,4710
2020-01-05 23:00:45.027000,3220.866,3220.343,330,1280
2020-01-05 23:00:45.077000,3220.866,3220.137,3590,4710
2020-01-05 23:00:46.211000,3220.651,3220.137,330,1280
2020-01-05 23:00:46.372000,3220.566,3220.137,330,1280
2020-01-05 23:00:47.142000,3220.566,3220.137,2470,910
2020-01-05 23:00:47.192000,3220.66,3219.934,330,4710
2020-01-05 23:00:47.336000,3220.5,3219.934,330,1280
2020-01-05 23:00:47.386000,3220.5,3219.9,330,910
2020-01-05 23:00:47.498000,3220.857,3219.9,3590,3160
2020-01-05 23:00:47.549000,3220.857,3220.149,3590,3160
2020-01-05 23:00:47.844000,3220.554,3220.149,330,910
2020-01-05 23:00:47.894000,3220.554,3219.834,330,4710
2020-01-05 23:00:48.490000,3220.3,3219.834,330,1280
2020-01-05 23:00:48.540000,3220.3,3219.655,330,910
2020-01-05 23:00:48.816000,3220.066,3219.655,330,910
2020-01-05 23:00:48.866000,3220.066,3219.337,3590,4710
2020-01-05 23:00:49.461000,3219.863,3219.337,330,1280
2020-01-05 23:00:49.512000,3219.863,3219.137,3590,1280
2020-01-05 23:00:50.260000,3219.663,3219.137,330,1280
2020-01-05 23:00:50.311000,3219.663,3218.943,2470,1280
2020-01-05 23:00:50.588000,3219.863,3218.943,3590,4710
2020-01-05 23:00:50.638000,3219.863,3219.134,3590,4710
2020-01-05 23:00:51.388000,3219.666,3219.134,330,1280
2020-01-05 23:00:51.438000,3219.666,3218.934,3590,4710
2020-01-05 23:00:51.874000,3219.548,3218.934,330,1280
2020-01-05 23:00:51.924000,3219.548,3218.84,330,4710
2020-01-05 23:00:52.196000,3219.66,3218.84,3590,4710
2020-01-05 23:00:52.247000,3219.66,3219.0,3590,910
2020-01-05 23:00:52.359000,3219.5,3219.0,330,910
2020-01-05 23:00:52.409000,3219.5,3218.852,330,1280
2020-01-05 23:00:54.474000,3219.348,3218.852,330,1280
2020-01-05 23:00:54.525000,3219.348,3218.643,330,3160
2020-01-05 23:00:54.643000,3219.56,3218.643,3590,3160
2020-01-05 23:00:54.693000,3219.56,3218.849,3590,3160
2020-01-05 23:00:54.798000,3219.36,3218.849,330,910
2020-01-05 23:00:54.848000,3219.36,3218.637,3590,4710
2020-01-05 23:00:55.117000,3219.551,3218.637,3590,4710
2020-01-05 23:00:55.168000,3219.551,3218.837,330,4710
2020-01-05 23:00:55.923000,3219.4,3218.837,330,1280
2020-01-05 23:00:55.973000,3219.4,3218.746,330,4710
2020-01-05 23:00:56.246000,3219.866,3218.746,3590,4710
2020-01-05 23:00:56.296000,3219.866,3219.143,3590,1280
2020-01-05 23:00:56.728000,3219.545,3219.143,330,1280
2020-01-05 23:00:56.778000,3219.545,3218.9,330,3160
2020-01-05 23:00:57.347000,3220.0,3218.9,3590,3160
2020-01-05 23:00:57.398000,3220.0,3219.347,330,910
2020-01-05 23:00:57.668000,3219.848,3219.347,330,910
2020-01-05 23:00:57.718000,3219.848,3219.134,330,4710
2020-01-05 23:00:58.153000,3220.045,3219.134,3590,4710
2020-01-05 23:00:58.204000,3220.045,3219.395,330,910
2020-01-05 23:01:01.516000,3220.045,3219.4,2470,910
2020-01-05 23:01:01.566000,3219.563,3218.837,3590,1280
2020-01-05 23:01:02.057000,3219.363,3218.837,330,1280
2020-01-05 23:01:02.107000,3219.363,3218.655,3590,1280
2020-01-05 23:01:02.325000,3219.56,3218.655,3590,4710
2020-01-05 23:01:02.375000,3219.56,3218.846,3590,3160
2020-01-05 23:01:03.745000,3219.3,3218.846,330,910
2020-01-05 23:01:03.796000,3219.3,3218.655,330,4710
2020-01-05 23:01:05.462000,3219.648,3218.655,3590,4710
2020-01-05 23:01:05.513000,3219.648,3218.934,330,4710
2020-01-05 23:01:06.650000,3219.863,3218.934,3590,4710
2020-01-05 23:01:06.700000,3219.863,3219.14,3590,4710
2020-01-05 23:01:07.524000,3219.5,3219.14,330,1280
2020-01-05 23:01:07.574000,3219.5,3218.843,330,4710
2020-01-05 23:01:08.007000,3219.86,3218.843,3590,4710
2020-01-05 23:01:08.057000,3219.86,3219.2,330,910
2020-01-05 23:01:08.494000,3219.554,3219.2,330,910
2020-01-05 23:01:08.544000,3219.554,3218.855,3590,910
2020-01-05 23:01:09.990000,3219.354,3218.855,330,910
2020-01-05 23:01:10.040000,3219.354,3218.655,330,910
2020-01-05 23:01:10.311000,3219.566,3218.655,3590,3160
2020-01-05 23:01:10.396000,3219.566,3218.834,3590,4710
2020-01-05 23:01:10.797000,3219.351,3218.834,330,1280
2020-01-05 23:01:10.848000,3219.351,3218.643,330,3160
2020-01-05 23:01:10.957000,3219.551,3218.643,3590,3160
2020-01-05 23:01:11.007000,3219.551,3218.846,2470,910
2020-01-05 23:01:12.110000,3219.857,3218.846,3590,3160
2020-01-05 23:01:12.294000,3219.857,3219.152,2470,3160
2020-01-05 23:01:12.433000,3219.545,3219.152,330,910
2020-01-05 23:01:12.484000,3219.545,3218.837,330,4710
2020-01-05 23:01:12.945000,3219.663,3218.837,3590,4710
2020-01-05 23:01:12.995000,3219.663,3218.952,3590,3160
2020-01-05 23:01:13.105000,3219.845,3218.952,3590,3160
2020-01-05 23:01:13.155000,3219.845,3219.2,2470,910
2020-01-05 23:01:13.913000,3219.548,3218.834,330,4710
2020-01-05 23:01:13.963000,3219.548,3218.834,330,4710
2020-01-05 23:01:14.775000,3219.848,3218.834,3590,4710
2020-01-05 23:01:14.826000,3219.848,3219.137,330,4710
2020-01-05 23:01:14.938000,3219.5,3219.137,330,1280
2020-01-05 23:01:14.989000,3219.5,3218.852,330,4710
2020-01-05 23:01:15.099000,3219.863,3218.852,3590,4710
2020-01-05 23:01:15.149000,3219.863,3219.146,3590,910
2020-01-05 23:01:16.589000,3220.0,3219.146,3590,3160
2020-01-05 23:01:16.640000,3220.0,3219.337,330,4710
2020-01-05 23:01:16.909000,3220.354,3219.337,3590,4710
2020-01-05 23:01:16.960000,3220.354,3219.64,3590,4710
2020-01-05 23:01:18.317000,3220.545,3219.64,3590,4710
2020-01-05 23:01:18.367000,3220.545,3219.849,330,3160
2020-01-05 23:01:18.641000,3220.366,3219.849,330,910
2020-01-05 23:01:18.691000,3220.366,3219.64,3590,4710
2020-01-05 23:01:20.708000,3220.1,3219.64,330,1280
2020-01-05 23:01:20.758000,3220.1,3219.446,330,4710
2020-01-05 23:01:20.868000,3220.366,3219.446,3590,4710
2020-01-05 23:01:20.918000,3220.366,3219.655,3590,910
2020-01-05 23:01:22.401000,3220.854,3219.655,3590,3160
2020-01-05 23:01:22.451000,3220.854,3220.2,330,1280
2020-01-05 23:01:22.561000,3220.566,3220.2,330,1280
2020-01-05 23:01:22.611000,3220.566,3219.84,3590,3160
2020-01-05 23:01:23.428000,3220.851,3219.84,3590,3160
2020-01-05 23:01:23.479000,3220.851,3220.146,3590,3160
2020-01-05 23:01:23.913000,3221.063,3220.355,3590,3160
2020-01-05 23:01:23.963000,3221.063,3220.355,3590,3160
2020-01-05 23:01:24.942000,3221.351,3220.355,3590,3160
2020-01-05 23:01:24.992000,3221.351,3220.634,330,4710
2020-01-05 23:01:27.846000,3221.066,3220.634,330,1280
2020-01-05 23:01:27.896000,3221.066,3220.343,3590,4710
2020-01-05 23:01:28.007000,3220.854,3220.343,330,1280
2020-01-05 23:01:28.057000,3220.854,3220.152,2470,1280
2020-01-05 23:01:28.168000,3221.063,3220.152,3590,4710
2020-01-05 23:01:28.218000,3221.063,3220.334,3590,4710
2020-01-05 23:01:28.906000,3220.963,3220.334,330,1280
2020-01-05 23:01:28.957000,3220.963,3220.234,3590,4710
2020-01-05 23:01:29.068000,3220.866,3220.234,330,1280
2020-01-05 23:01:29.119000,3220.866,3220.14,3590,4710
2020-01-05 23:01:29.811000,3220.948,3220.14,3590,4710
2020-01-05 23:01:29.861000,3220.948,3220.243,2470,1280
2020-01-05 23:01:30.135000,3221.066,3220.243,3590,4710
2020-01-05 23:01:32.539000,3221.36,3220.34,3590,4710
2020-01-05 23:01:32.589000,3221.36,3220.7,330,3160
2020-01-05 23:01:33.057000,3221.1,3220.7,330,910
2020-01-05 23:01:33.107000,3221.1,3220.446,330,4710
2020-01-05 23:01:33.218000,3221.057,3220.446,330,1280
2020-01-05 23:01:33.268000,3221.057,3220.355,330,910
2020-01-05 23:01:33.381000,3220.854,3220.355,330,910
2020-01-05 23:01:33.431000,3220.854,3220.149,3590,910
2020-01-05 23:01:33.542000,3221.057,3220.149,3590,3160
2020-01-05 23:01:33.592000,3221.057,3220.343,3590,3160
2020-01-05 23:01:35.553000,3221.36,3220.343,3590,3160
2020-01-05 23:01:35.603000,3221.36,3220.7,3590,910
2020-01-05 23:01:37.118000,3221.36,3220.343,3590,4710
2020-01-05 23:01:37.169000,3221.066,3220.343,3590,4710
2020-01-05 23:01:37.438000,3221.345,3220.343,3590,4710
2020-01-05 23:01:37.489000,3221.345,3220.652,330,1280
2020-01-05 23:01:42.277000,3221.066,3220.652,330,1280
2020-01-05 23:01:42.327000,3221.066,3220.343,3590,3160
2020-01-05 23:01:42.653000,3221.357,3220.343,3590,4710
2020-01-05 23:01:42.703000,3221.357,3220.652,2470,3160
2020-01-05 23:01:42.759000,3221.048,3220.652,330,910
2020-01-05 23:01:42.810000,3221.048,3220.349,2470,1280
2020-01-05 23:01:43.293000,3221.36,3220.349,3590,4710
2020-01-05 23:01:43.786000,3221.16,3220.349,3590,4710
2020-01-05 23:01:43.945000,3221.36,3220.349,3590,4710
2020-01-05 23:01:44.560000,3221.36,3220.349,3590,4710
2020-01-05 23:01:44.611000,3221.063,3220.355,3590,1280
2020-01-05 23:01:45.135000,3221.145,3220.355,3590,4710
2020-01-05 23:01:45.185000,3221.145,3220.44,330,4710
2020-01-05 23:01:45.298000,3221.351,3220.44,3590,4710
2020-01-05 23:01:45.404000,3221.351,3220.655,2470,3160
2020-01-05 23:01:46.476000,3221.351,3220.655,2470,3160
2020-01-05 23:01:46.526000,3221.06,3220.34,330,3160
2020-01-05 23:01:47.116000,3220.854,3220.34,330,910
2020-01-05 23:01:47.166000,3220.854,3220.149,3590,1280
2020-01-05 23:01:48.589000,3220.554,3220.149,330,1280
2020-01-05 23:01:48.640000,3220.554,3219.846,3590,4710
2020-01-05 23:01:48.915000,3220.66,3219.846,3590,4710
2020-01-05 23:01:48.966000,3220.66,3219.949,3590,4710
2020-01-05 23:01:50.113000,3220.848,3219.949,3590,4710
2020-01-05 23:01:50.163000,3220.848,3220.146,3590,3160
2020-01-05 23:01:53.554000,3221.06,3220.146,3590,3160
2020-01-05 23:01:53.604000,3221.06,3220.352,3590,3160
2020-01-05 23:01:54.264000,3220.845,3220.352,330,910
2020-01-05 23:01:54.315000,3220.845,3220.14,2470,4710
2020-01-05 23:01:55.275000,3220.366,3220.14,330,1280
2020-01-05 23:01:55.325000,3220.366,3219.7,3590,1280
2020-01-05 23:01:55.434000,3220.045,3219.7,330,1280
2020-01-05 23:01:55.484000,3220.045,3219.343,330,4710
2020-01-05 23:01:56.162000,3220.345,3219.343,3590,4710
2020-01-05 23:01:56.213000,3220.345,3219.64,330,3160
2020-01-05 23:01:56.645000,3220.06,3219.64,330,910
2020-01-05 23:01:56.696000,3220.06,3219.343,3590,1280
2020-01-05 23:01:56.805000,3220.351,3219.343,3590,4710
2020-01-05 23:01:56.855000,3220.351,3219.649,330,3160
2020-01-05 23:01:57.289000,3220.145,3219.649,330,910
2020-01-05 23:01:57.339000,3220.145,3219.452,330,3160
2020-01-05 23:01:57.447000,3220.363,3219.452,3590,3160
2020-01-05 23:01:57.498000,3220.363,3219.655,3590,3160
2020-01-05 23:01:57.609000,3220.063,3219.655,330,910
2020-01-05 23:01:57.659000,3220.063,3219.352,3590,910
2020-01-05 23:01:58.093000,3219.96,3219.352,330,910
2020-01-05 23:01:58.143000,3219.96,3219.237,3590,4710
2020-01-05 23:01:58.413000,3219.866,3219.237,330,1280
2020-01-05 23:01:58.464000,3219.866,3219.14,3590,1280
2020-01-05 23:01:58.575000,3220.06,3219.14,3590,4710
2020-01-05 23:01:58.625000,3220.06,3219.4,3590,910
2020-01-05 23:01:58.735000,3219.857,3219.4,330,910
2020-01-05 23:01:58.786000,3219.857,3219.134,2470,4710
2020-01-05 23:02:00.184000,3220.048,3219.134,3590,4710
2020-01-05 23:02:00.234000,3220.048,3219.34,330,4710
2020-01-05 23:02:00.564000,3220.048,3219.34,2470,3160
2020-01-05 23:02:00.615000,3219.866,3219.143,3590,4710
2020-01-05 23:02:01.429000,3220.3,3219.143,3590,4710
2020-01-05 23:02:01.479000,3220.3,3219.646,330,1280
2020-01-05 23:02:02.074000,3220.16,3219.646,330,1280
2020-01-05 23:02:02.124000,3220.16,3219.446,330,4710
2020-01-05 23:02:02.235000,3220.351,3219.446,3590,4710
2020-01-05 23:02:02.286000,3220.351,3219.652,330,910
2020-01-05 23:02:02.880000,3220.151,3219.652,330,910
2020-01-05 23:02:02.930000,3220.151,3219.455,330,3160
2020-01-05 23:02:03.042000,3220.363,3219.455,3590,3160
2020-01-05 23:02:03.093000,3220.363,3219.649,3590,910
2020-01-05 23:02:03.364000,3220.163,3219.649,330,910
2020-01-05 23:02:03.415000,3220.163,3219.446,3590,1280
2020-01-05 23:02:03.525000,3220.363,3219.446,3590,4710
2020-01-05 23:02:03.576000,3220.363,3219.643,3590,1280
2020-01-05 23:02:08.199000,3219.854,3219.643,330,1280
2020-01-05 23:02:08.250000,3219.854,3219.143,2470,3160
2020-01-05 23:02:09.965000,3219.566,3219.143,330,910
2020-01-05 23:02:10.016000,3219.566,3218.843,3590,4710
2020-01-05 23:02:11.600000,3219.354,3218.843,330,1280
2020-01-05 23:02:11.650000,3219.354,3218.655,2470,910
2020-01-05 23:02:15.829000,3219.066,3218.655,330,910
2020-01-05 23:02:15.880000,3219.066,3218.334,3590,4710
2020-01-05 23:02:15.989000,3219.351,3218.334,3590,4710
2020-01-05 23:02:16.039000,3219.351,3218.655,3590,910
2020-01-05 23:02:17.078000,3219.56,3218.655,3590,3160
2020-01-05 23:02:17.128000,3219.56,3218.84,2470,1280
2020-01-05 23:02:17.230000,3219.3,3218.84,330,1280
2020-01-05 23:02:17.281000,3219.3,3218.643,330,3160
2020-01-05 23:02:18.324000,3218.866,3218.643,330,910
2020-01-05 23:02:18.374000,3218.866,3218.14,3590,1280
2020-01-05 23:02:20.757000,3219.057,3218.14,3590,4710
2020-01-05 23:02:20.807000,3219.057,3218.355,330,910
2020-01-05 23:02:21.402000,3219.345,3218.355,3590,3160
2020-01-05 23:02:21.452000,3219.345,3218.637,3590,4710
2020-01-05 23:02:23.556000,3219.448,3218.637,3590,4710
2020-01-05 23:02:23.606000,3219.448,3218.743,330,3160
2020-01-05 23:02:23.716000,3219.366,3218.743,330,910
2020-01-05 23:02:23.766000,3219.366,3218.637,3590,3160
2020-01-05 23:02:23.880000,3219.0,3218.637,330,910
2020-01-05 23:02:23.931000,3219.0,3218.334,330,4710
2020-01-05 23:02:24.039000,3219.366,3218.334,3590,4710
2020-01-05 23:02:24.089000,3219.366,3218.634,3590,4710
2020-01-05 23:02:25.211000,3219.066,3218.349,3590,4710
2020-01-05 23:02:26.206000,3219.363,3218.349,3590,4710
2020-01-05 23:02:26.257000,3219.363,3218.637,3590,4710
2020-01-05 23:02:27.381000,3219.563,3218.843,3590,910
2020-01-05 23:02:27.432000,3219.563,3218.843,3590,1280
2020-01-05 23:02:27.543000,3219.348,3218.843,330,1280
2020-01-05 23:02:27.593000,3219.348,3218.643,2470,910
2020-01-05 23:02:28.507000,3219.057,3218.643,330,910
2020-01-05 23:02:28.558000,3219.057,3218.34,2470,3160
2020-01-05 23:02:30.912000,3219.348,3218.34,3590,3160
2020-01-05 23:02:30.962000,3219.348,3218.643,330,3160
2020-01-05 23:02:32.004000,3219.063,3218.643,330,910
2020-01-05 23:02:32.054000,3219.063,3218.337,330,4710
2020-01-05 23:02:32.164000,3219.348,3218.337,3590,4710
2020-01-05 23:02:32.215000,3219.348,3218.649,330,910
2020-01-05 23:02:33.392000,3219.06,3218.649,330,910
2020-01-05 23:02:33.442000,3219.06,3218.4,3590,3160
2020-01-05 23:02:33.553000,3219.166,3218.4,3590,3160
2020-01-05 23:02:33.603000,3219.166,3218.5,3590,4710
2020-01-05 23:02:33.714000,3219.06,3218.5,330,1280
2020-01-05 23:02:33.765000,3219.06,3218.343,2470,4710
2020-01-05 23:02:34.037000,3218.863,3218.149,330,1280
2020-01-05 23:02:34.087000,3218.863,3218.149,2470,910
2020-01-05 23:02:34.444000,3218.348,3217.643,330,1280
2020-01-05 23:02:34.495000,3218.348,3217.643,330,910
2020-01-05 23:02:34.600000,3218.657,3217.643,3590,3160
2020-01-05 23:02:34.674000,3218.657,3218.0,3590,910
2020-01-05 23:02:34.762000,3218.554,3218.0,330,910
2020-01-05 23:02:34.813000,3218.554,3217.855,3590,910
2020-01-05 23:02:36.300000,3218.4,3217.855,330,910
2020-01-05 23:02:36.350000,3218.4,3217.752,330,910
2020-01-05 23:02:36.476000,3218.554,3217.752,3590,3160
2020-01-05 23:02:36.526000,3218.554,3217.843,3590,4710
2020-01-05 23:02:38.246000,3218.854,3217.843,3590,4710
2020-01-05 23:02:38.297000,3218.854,3218.143,3590,3160
2020-01-05 23:02:47.403000,3218.5,3218.143,330,910
2020-01-05 23:02:47.453000,3218.5,3217.837,330,4710
2020-01-05 23:02:47.564000,3218.854,3217.837,3590,4710
2020-01-05 23:02:47.615000,3218.854,3218.143,330,4710
2020-01-05 23:02:47.887000,3218.557,3218.143,330,1280
2020-01-05 23:02:47.937000,3218.557,3217.846,3590,3160
2020-01-05 23:02:48.929000,3218.066,3217.846,330,910
2020-01-05 23:02:48.979000,3218.066,3217.352,3590,910
2020-01-05 23:02:49.570000,3218.357,3217.352,3590,3160
2020-01-05 23:02:49.620000,3218.357,3217.637,330,4710
2020-01-05 23:02:50.275000,3218.054,3217.637,330,1280
2020-01-05 23:02:50.325000,3218.054,3217.355,330,910
2020-01-05 23:02:51.098000,3218.354,3217.7,2470,910
2020-01-05 23:02:52.548000,3218.151,3217.7,330,910
2020-01-05 23:02:52.599000,3218.151,3217.443,2470,1280
2020-01-05 23:02:52.714000,3218.363,3217.443,3590,4710
2020-01-05 23:02:52.764000,3218.363,3217.652,3590,1280
2020-01-05 23:02:54.199000,3218.045,3217.652,330,1280
2020-01-05 23:02:54.250000,3218.045,3217.337,330,1280
2020-01-05 23:02:55.498000,3218.345,3217.337,3590,4710
2020-01-05 23:02:55.548000,3218.345,3217.643,330,4710
2020-01-05 23:02:56.050000,3218.057,3217.643,330,1280
2020-01-05 23:02:56.100000,3218.057,3217.352,330,3160
2020-01-05 23:02:57.203000,3218.16,3217.352,3590,3160
2020-01-05 23:02:57.253000,3218.16,3217.434,330,4710
2020-01-05 23:02:57.845000,3218.3,3217.434,3590,4710
2020-01-05 23:02:57.896000,3218.3,3217.643,330,4710
2020-01-05 23:02:58.806000,3218.866,3217.643,3590,4710
2020-01-05 23:02:58.856000,3218.866,3218.134,3590,4710
2020-01-05 23:02:58.965000,3218.6,3218.134,330,1280
2020-01-05 23:02:59.015000,3218.6,3217.934,330,4710
2020-01-05 23:02:59.706000,3218.857,3217.934,3590,4710
2020-01-05 23:02:59.756000,3218.857,3218.14,3590,3160
2020-01-05 23:03:00.142000,3218.666,3217.955,330,1280
2020-01-05 23:03:00.192000,3218.666,3217.955,3590,910
2020-01-05 23:03:00.487000,3218.8,3217.955,3590,3160
2020-01-05 23:03:00.537000,3218.8,3218.137,330,4710
2020-01-05 23:03:02.407000,3219.36,3218.137,3590,4710
2020-01-05 23:03:02.458000,3219.36,3218.652,2470,3160
2020-01-05 23:03:02.569000,3219.154,3218.652,330,910
2020-01-05 23:03:02.619000,3219.154,3218.437,330,3160
2020-01-05 23:03:02.889000,3219.045,3218.437,330,910
2020-01-05 23:03:02.940000,3219.045,3218.4,330,910
2020-01-05 23:03:03.755000,3219.345,3218.4,3590,3160
2020-01-05 23:03:03.806000,3219.345,3218.652,330,1280
2020-01-05 23:03:05.249000,3219.051,3218.652,330,1280
2020-01-05 23:03:05.300000,3219.051,3218.34,3590,3160
2020-01-05 23:03:07.572000,3219.354,3218.34,3590,3160
2020-01-05 23:03:07.623000,3219.354,3218.652,2470,910
2020-01-05 23:03:08.060000,3219.1,3218.652,330,910
2020-01-05 23:03:08.110000,3219.1,3218.452,330,3160
2020-01-05 23:03:08.220000,3219.354,3218.452,3590,3160
2020-01-05 23:03:08.271000,3219.354,3218.655,2470,3160
2020-01-05 23:03:17.871000,3219.145,3218.655,330,910
2020-01-05 23:03:17.922000,3219.145,3218.449,330,3160
2020-01-05 23:03:18.030000,3219.06,3218.449,330,910
2020-01-05 23:03:18.080000,3219.06,3218.334,3590,4710
2020-01-05 23:03:18.351000,3219.06,3218.443,2470,910
2020-01-05 23:03:18.402000,3219.163,3218.443,3590,4710
2020-01-05 23:03:18.526000,3219.357,3218.443,3590,4710
2020-01-05 23:03:18.576000,3219.357,3218.637,2470,4710
2020-01-05 23:03:18.684000,3219.166,3218.637,330,1280
2020-01-05 23:03:18.734000,3219.166,3218.437,3590,4710
2020-01-05 23:03:19.168000,3219.054,3218.437,330,1280
2020-01-05 23:03:19.219000,3219.054,3218.343,330,4710
2020-01-05 23:03:20.713000,3219.366,3218.343,3590,4710
2020-01-05 23:03:20.763000,3219.366,3218.655,3590,3160
2020-01-05 23:03:21.866000,3219.366,3218.337,3590,4710
2020-01-05 23:03:21.917000,3219.048,3218.337,2470,3160
2020-01-05 23:03:25.676000,3218.966,3218.337,330,910
2020-01-05 23:03:25.726000,3218.966,3218.255,3590,3160
2020-01-05 23:03:26.082000,3219.0,3218.255,3590,3160
2020-01-05 23:03:26.132000,3219.0,3218.352,2470,3160
2020-01-05 23:03:26.242000,3218.9,3218.352,330,910
2020-01-05 23:03:26.292000,3218.9,3218.246,330,910
2020-01-05 23:03:27.128000,3218.9,3218.246,330,1280
2020-01-05 23:03:27.179000,3219.06,3218.349,330,3160
2020-01-05 23:03:32.053000,3218.963,3218.349,330,910
2020-01-05 23:03:32.104000,3218.963,3218.234,3590,4710
2020-01-05 23:03:32.454000,3219.057,3218.234,3590,4710
2020-01-05 23:03:32.505000,3219.057,3218.337,330,910
2020-01-05 23:03:33.715000,3219.157,3218.337,3590,3160
2020-01-05 23:03:33.765000,3219.157,3218.437,3590,4710
2020-01-05 23:03:34.088000,3219.348,3218.437,3590,4710
2020-01-05 23:03:34.138000,3219.348,3218.7,2470,910
2020-01-05 23:03:34.244000,3219.154,3218.7,330,910
2020-01-05 23:03:34.294000,3219.154,3218.437,330,1280
2020-01-05 23:03:35.234000,3219.3,3218.437,3590,4710
2020-01-05 23:03:35.284000,3219.3,3218.7,330,910
2020-01-05 23:03:36.366000,3219.066,3218.7,330,910
2020-01-05 23:03:36.417000,3219.066,3218.349,3590,3160
2020-01-05 23:03:36.528000,3219.166,3218.349,3590,3160
2020-01-05 23:03:36.578000,3219.166,3218.452,3590,1280
2020-01-05 23:03:36.686000,3219.048,3218.452,330,1280
2020-01-05 23:03:36.736000,3219.048,3218.337,2470,4710
2020-01-05 23:03:41.755000,3218.854,3218.337,330,1280
2020-01-05 23:03:41.805000,3218.854,3218.2,330,910
2020-01-05 23:03:42.320000,3219.357,3218.2,3590,3160
2020-01-05 23:03:42.370000,3219.357,3218.637,330,4710
2020-01-05 23:03:42.481000,3219.06,3218.637,330,1280
2020-01-05 23:03:42.532000,3219.06,3218.352,3590,1280
2020-01-05 23:03:42.646000,3218.9,3218.352,330,1280
2020-01-05 23:03:42.696000,3218.9,3218.24,2470,4710
2020-01-05 23:03:43.160000,3219.063,3218.24,3590,4710
2020-01-05 23:03:43.210000,3219.063,3218.34,3590,4710
2020-01-05 23:03:43.320000,3218.963,3218.34,330,1280
2020-01-05 23:03:43.371000,3218.963,3218.246,3590,4710
2020-01-05 23:03:43.803000,3219.048,3218.246,3590,4710
2020-01-05 23:03:43.853000,3219.048,3218.4,330,910
2020-01-05 23:03:45.931000,3218.963,3218.4,330,910
2020-01-05 23:03:45.982000,3218.963,3218.252,3590,910
2020-01-05 23:03:46.254000,3218.863,3218.137,330,1280
2020-01-05 23:03:46.305000,3218.863,3218.137,3590,1280
2020-01-05 23:03:46.415000,3219.0,3218.137,3590,4710
2020-01-05 23:03:46.465000,3219.0,3218.349,330,3160
2020-01-05 23:03:46.575000,3218.96,3218.349,330,910
2020-01-05 23:03:46.741000,3218.848,3218.249,330,910
2020-01-05 23:03:46.791000,3218.848,3218.146,2470,1280
2020-01-05 23:03:47.351000,3218.6,3218.146,330,1280
2020-01-05 23:03:47.402000,3218.6,3217.955,2470,1280
2020-01-05 23:03:47.512000,3218.566,3217.955,330,1280
2020-01-05 23:03:47.562000,3218.566,3217.837,3590,4710
2020-01-05 23:03:47.670000,3218.857,3217.837,3590,4710
2020-01-05 23:03:47.721000,3218.857,3218.14,3590,4710
2020-01-05 23:03:47.829000,3218.5,3218.14,330,1280
2020-01-05 23:03:47.880000,3218.5,3217.855,330,910
2020-01-05 23:03:48.261000,3218.366,3217.855,330,910
2020-01-05 23:03:48.312000,3218.366,3217.7,3590,910
2020-01-05 23:03:50.731000,3218.163,3217.7,330,910
2020-01-05 23:03:50.782000,3218.163,3217.452,3590,1280
2020-01-05 23:03:50.894000,3218.066,3217.452,330,1280
2020-01-05 23:03:50.945000,3218.066,3217.352,3590,3160
2020-01-05 23:03:53.102000,3217.96,3217.352,330,910
2020-01-05 23:03:53.153000,3217.96,3217.24,3590,1280
2020-01-05 23:03:53.260000,3218.066,3217.24,3590,4710
2020-01-05 23:03:53.310000,3218.066,3217.346,3590,4710
2020-01-05 23:03:53.421000,3217.957,3217.346,330,1280
2020-01-05 23:03:53.472000,3217.957,3217.246,2470,4710
2020-01-05 23:03:53.583000,3217.86,3217.246,330,1280
2020-01-05 23:03:53.633000,3217.86,3217.149,3590,910
2020-01-05 23:03:53.906000,3217.963,3217.149,3590,3160
2020-01-05 23:03:53.956000,3217.963,3217.246,330,3160
2020-01-05 23:03:54.066000,3218.057,3217.246,3590,3160
2020-01-05 23:03:54.116000,3218.057,3217.337,330,4710
2020-01-05 23:03:55.351000,3217.551,3217.337,330,1280
2020-01-05 23:03:55.401000,3218.045,3217.34,330,1280
2020-01-05 23:03:56.019000,3217.845,3217.34,330,1280
2020-01-05 23:03:56.069000,3217.845,3217.149,330,3160
2020-01-05 23:03:56.182000,3218.051,3217.334,2470,3160
2020-01-05 23:03:56.233000,3218.051,3217.334,330,4710
2020-01-05 23:03:56.342000,3217.945,3217.334,330,1280
2020-01-05 23:03:56.392000,3217.945,3217.3,330,1280
2020-01-05 23:03:56.505000,3217.86,3217.3,330,1280
2020-01-05 23:03:56.555000,3217.86,3217.149,3590,910
2020-01-05 23:03:58.275000,3218.066,3217.149,3590,3160
2020-01-05 23:03:58.326000,3218.066,3217.349,3590,1280
2020-01-05 23:03:58.437000,3217.851,3217.349,330,1280
2020-01-05 23:03:58.487000,3217.851,3217.149,330,3160
2020-01-05 23:04:03.198000,3217.6,3217.149,330,910
2020-01-05 23:04:03.248000,3217.6,3216.943,330,910
2020-01-05 23:04:03.517000,3217.86,3216.943,3590,3160
2020-01-05 23:04:03.567000,3217.86,3217.152,2470,910
2020-01-05 23:04:07.236000,3217.563,3217.152,330,910
2020-01-05 23:04:07.286000,3217.563,3216.84,3590,3160
2020-01-05 23:04:07.389000,3217.863,3216.84,3590,3160
2020-01-05 23:04:07.439000,3217.863,3217.143,3590,3160
2020-01-05 23:04:08.098000,3217.545,3217.143,330,910
2020-01-05 23:04:08.148000,3217.545,3216.849,2470,3160
2020-01-05 23:04:09.072000,3217.36,3216.849,330,910
2020-01-05 23:04:09.122000,3217.36,3216.646,3590,4710
2020-01-05 23:04:09.231000,3217.463,3216.646,3590,4710
2020-01-05 23:04:09.281000,3217.463,3216.74,3590,4710
2020-01-05 23:04:09.546000,3217.348,3216.74,330,1280
2020-01-05 23:04:09.597000,3217.348,3216.655,330,910
2020-01-05 23:04:21.202000,3217.398,3216.655,10,3160
2020-01-05 23:04:21.253000,3217.398,3216.843,10,4710
2020-01-05 23:04:21.362000,3217.345,3216.843,330,1280
2020-01-05 23:04:21.412000,3217.345,3216.652,330,1280
2020-01-05 23:04:21.526000,3217.398,3216.652,10,4710
2020-01-05 23:04:21.577000,3217.398,3216.849,10,3160
2020-01-05 23:04:21.689000,3217.366,3216.849,330,910
2020-01-05 23:04:21.739000,3217.366,3216.643,2690,3160
2020-01-05 23:04:21.845000,3217.398,3216.643,10,3160
2020-01-05 23:04:21.897000,3217.398,3216.84,10,4710
2020-01-05 23:04:22.168000,3217.345,3216.84,330,1280
2020-01-05 23:04:22.219000,3217.345,3216.7,330,910
2020-01-05 23:04:22.492000,3217.398,3216.7,10,3160
2020-01-05 23:04:22.543000,3217.398,3216.843,10,1280
2020-01-05 23:04:26.160000,3217.351,3216.843,330,1280
2020-01-05 23:04:26.211000,3217.351,3216.643,2690,4710
2020-01-05 23:04:29.866000,3217.551,3216.643,3590,4710
2020-01-05 23:04:29.916000,3217.551,3216.852,330,4710
2020-01-05 23:04:30.027000,3217.366,3216.852,330,1280
2020-01-05 23:04:30.077000,3217.366,3216.637,3590,4710
2020-01-05 23:04:31.196000,3217.445,3216.637,3590,4710
2020-01-05 23:04:31.246000,3217.445,3216.752,330,1280
2020-01-05 23:04:31.356000,3217.5,3216.752,3590,4710
2020-01-05 23:04:31.406000,3217.5,3216.834,330,4710
2020-01-05 23:04:31.519000,3217.357,3216.834,330,1280
2020-01-05 23:04:31.569000,3217.357,3216.64,3590,3160
2020-01-05 23:04:31.680000,3217.551,3216.64,3590,3160
2020-01-05 23:04:31.731000,3217.551,3216.846,330,3160
2020-01-05 23:04:32.001000,3217.46,3216.846,330,910
2020-01-05 23:04:32.051000,3217.46,3216.74,3590,4710
2020-01-05 23:04:32.162000,3217.56,3216.74,3590,4710
2020-01-05 23:04:32.212000,3217.56,3216.9,3590,910
2020-01-05 23:04:33.852000,3217.351,3216.9,330,910
2020-01-05 23:04:33.903000,3217.351,3216.643,330,1280
2020-01-05 23:04:34.014000,3217.351,3216.84,330,910
2020-01-05 23:04:34.064000,3217.545,3216.84,330,1280
2020-01-05 23:04:35.264000,3217.048,3216.84,330,1280
2020-01-05 23:04:35.314000,3217.048,3216.334,2470,4710
2020-01-05 23:04:40.155000,3217.551,3216.334,3590,4710
2020-01-05 23:04:40.205000,3217.551,3216.855,330,1280
2020-01-05 23:04:40.316000,3217.366,3216.855,330,1280
2020-01-05 23:04:40.366000,3217.366,3216.655,3590,910
2020-01-05 23:04:40.478000,3217.445,3216.655,3590,3160
2020-01-05 23:04:40.528000,3217.445,3216.734,330,4710
2020-01-05 23:04:40.638000,3217.554,3216.734,3590,4710
2020-01-05 23:04:40.688000,3217.554,3216.849,330,910
2020-01-05 23:04:41.615000,3217.86,3216.849,3590,3160
2020-01-05 23:04:41.665000,3217.86,3217.14,3590,1280
2020-01-05 23:04:44.706000,3218.0,3217.14,3590,4710
2020-01-05 23:04:44.756000,3218.0,3217.4,2470,910
2020-01-05 23:04:45.351000,3218.157,3217.4,3590,3160
2020-01-05 23:04:45.401000,3218.157,3217.455,3590,910
2020-01-05 23:04:45.513000,3218.345,3217.455,3590,3160
2020-01-05 23:04:45.563000,3218.345,3217.637,2470,1280
2020-01-05 23:04:47.088000,3218.563,3217.637,3590,4710
2020-01-05 23:04:47.138000,3218.563,3217.9,3590,910
2020-01-05 23:04:48.286000,3218.863,3217.9,3590,3160
2020-01-05 23:04:48.336000,3218.863,3218.149,2470,910
2020-01-05 23:04:48.447000,3218.666,3218.149,330,910
2020-01-05 23:04:48.498000,3218.666,3217.934,3590,4710
2020-01-05 23:04:48.771000,3218.554,3217.934,330,1280
2020-01-05 23:04:48.822000,3217.351,3216.643,330,1280
2020-01-05 23:04:48.945000,3217.857,3216.643,3590,4710
2020-01-05 23:04:48.996000,3217.857,3217.14,2470,4710
2020-01-05 23:04:49.105000,3217.6,3217.14,330,1280
2020-01-05 23:04:49.155000,3217.6,3217.0,330,910
2020-01-05 23:04:49.428000,3218.057,3217.0,3590,3160
2020-01-05 23:04:49.478000,3218.057,3217.4,330,910
2020-01-05 23:04:52.865000,3217.863,3217.4,330,910
2020-01-05 23:04:52.915000,3217.863,3217.143,330,3160
2020-01-05 23:04:53.341000,3218.063,3217.143,3590,3160
2020-01-05 23:04:53.392000,3218.063,3217.34,3590,1280
2020-01-05 23:04:53.972000,3217.866,3217.34,330,1280
2020-01-05 23:04:54.022000,3217.866,3217.149,3590,910
2020-01-05 23:04:58.452000,3218.045,3217.149,3590,3160
2020-01-05 23:04:58.502000,3218.045,3217.334,2470,4710
2020-01-05 23:05:00.574000,3218.363,3217.334,3590,4710
2020-01-05 23:05:00.624000,3218.363,3217.64,3590,1280
2020-01-05 23:05:00.732000,3218.16,3217.64,330,1280
2020-01-05 23:05:00.783000,3218.16,3217.44,330,1280
2020-01-05 23:05:00.903000,3218.366,3217.44,3590,4710
2020-01-05 23:05:00.953000,3218.366,3217.652,3590,1280
2020-01-05 23:05:01.058000,3218.0,3217.652,330,1280
2020-01-05 23:05:01.109000,3218.0,3217.337,330,4710
2020-01-05 23:05:01.215000,3218.351,3217.337,3590,4710
2020-01-05 23:05:01.266000,3218.351,3217.637,3590,4710
2020-01-05 23:05:02.045000,3218.557,3217.637,3590,4710
2020-01-05 23:05:02.095000,3218.557,3217.84,3590,4710
2020-01-05 23:05:03.078000,3218.3,3217.84,330,1280
2020-01-05 23:05:03.129000,3218.3,3217.643,330,1280
2020-01-05 23:05:03.562000,3218.548,3217.643,3590,4710
2020-01-05 23:05:03.612000,3218.548,3217.843,330,1280
2020-01-05 23:05:03.722000,3218.457,3217.843,330,1280
2020-01-05 23:05:03.773000,3218.457,3217.8,2470,910
2020-01-05 23:05:04.202000,3218.551,3217.8,3590,3160
2020-01-05 23:05:04.253000,3218.551,3217.837,330,3160
2020-01-05 23:05:04.364000,3218.354,3217.837,330,910
2020-01-05 23:05:04.415000,3218.354,3217.7,3590,1280
2020-01-05 23:05:04.847000,3218.563,3217.7,3590,4710
2020-01-05 23:05:04.898000,3218.563,3217.837,3590,1280
2020-01-05 23:05:05.009000,3218.351,3217.837,330,1280
2020-01-05 23:05:05.060000,3218.351,3217.7,3590,4710
2020-01-05 23:05:05.175000,3218.166,3217.7,330,1280
2020-01-05 23:05:05.226000,3218.166,3217.446,3590,910
2020-01-05 23:05:05.778000,3218.051,3217.446,330,910
2020-01-05 23:05:05.828000,3218.051,3217.343,330,4710
2020-01-05 23:05:10.958000,3217.86,3217.343,330,1280
2020-01-05 23:05:11.009000,3217.86,3217.134,3590,4710
2020-01-05 23:05:11.119000,3218.057,3217.134,3590,4710
2020-01-05 23:05:11.170000,3218.057,3217.347,330,3160
2020-01-05 23:05:23.512000,3218.157,3217.352,3590,3160
2020-01-05 23:05:23.563000,3218.157,3217.5,3590,910
2020-01-05 23:05:23.678000,3218.06,3217.5,330,910
2020-01-05 23:05:23.728000,3218.06,3217.349,3590,910
2020-01-05 23:05:24.099000,3218.366,3217.349,3590,3160
2020-01-05 23:05:24.150000,3218.366,3217.643,3590,1280
2020-01-05 23:05:27.071000,3218.148,3217.643,330,1280
2020-01-05 23:05:27.122000,3218.148,3217.44,330,4710
2020-01-05 23:05:27.868000,3218.357,3217.44,3590,4710
2020-01-05 23:05:27.919000,3218.357,3217.7,330,910
2020-01-05 23:05:28.029000,3218.148,3217.7,330,910
2020-01-05 23:05:28.080000,3218.148,3217.44,3590,3160
2020-01-05 23:05:28.513000,3218.36,3217.44,3590,3160
2020-01-05 23:05:28.563000,3218.36,3217.637,2470,1280
2020-01-05 23:05:31.165000,3218.454,3217.637,3590,4710
2020-01-05 23:05:31.215000,3218.454,3217.755,2470,3160
2020-01-05 23:05:31.815000,3218.557,3217.755,3590,3160
2020-01-05 23:05:31.866000,3218.557,3217.837,330,4710
2020-01-05 23:05:32.136000,3218.366,3217.837,330,1280
2020-01-05 23:05:32.186000,3218.366,3217.637,3590,4710
2020-01-05 23:05:32.303000,3218.466,3217.637,3590,4710
2020-01-05 23:05:33.151000,3218.548,3217.743,3590,4710
2020-01-05 23:05:33.201000,3218.548,3217.9,2470,910
2020-01-05 23:05:39.248000,3218.66,3217.9,3590,3160
2020-01-05 23:05:39.298000,3218.66,3217.94,3590,4710
2020-01-05 23:05:39.412000,3218.854,3217.94,3590,4710
2020-01-05 23:05:39.462000,3218.854,3218.134,330,4710
2020-01-05 23:05:58.832000,3219.048,3218.134,3590,4710
2020-01-05 23:05:58.882000,3219.048,3218.337,330,4710
2020-01-05 23:05:58.993000,3218.86,3218.337,330,1280
2020-01-05 23:05:59.043000,3218.86,3218.14,2470,4710
2020-01-05 23:06:02.548000,3218.363,3218.14,330,1280
2020-01-05 23:06:02.598000,3218.363,3217.655,2470,910
2020-01-05 23:06:02.705000,3218.566,3217.655,3590,3160
2020-01-05 23:06:02.755000,3218.566,3217.834,3590,4710
2020-01-05 23:06:03.211000,3218.366,3217.834,330,1280
2020-01-05 23:06:03.261000,3218.366,3217.652,3590,910
2020-01-05 23:06:03.364000,3218.454,3217.652,3590,3160
2020-01-05 23:06:03.415000,3218.454,3217.755,330,910
2020-01-05 23:06:03.528000,3218.354,3217.755,330,910
2020-01-05 23:06:03.578000,3218.354,3217.646,3590,4710
2020-01-05 23:06:06.709000,3218.051,3217.646,330,1280
2020-01-05 23:06:06.760000,3218.051,3217.334,2470,4710
2020-01-05 23:06:17.708000,3218.157,3217.334,3590,4710
2020-01-05 23:06:17.758000,3218.157,3217.437,330,1280
2020-01-05 23:06:18.330000,3218.348,3217.437,3590,4710
2020-01-05 23:06:18.380000,3218.348,3217.652,330,1280
2020-01-05 23:06:27.942000,3218.563,3217.652,3590,4710
2020-01-05 23:06:27.992000,3218.563,3217.837,3590,4710
2020-01-05 23:06:29.870000,3218.866,3217.837,3590,4710
2020-01-05 23:06:29.921000,3218.866,3218.152,3590,910
2020-01-05 23:06:34.855000,3218.554,3218.152,330,910
2020-01-05 23:06:34.905000,3218.554,3217.9,2470,910
2020-01-05 23:06:39.862000,3219.0,3217.9,3590,3160
2020-01-05 23:06:39.912000,3219.0,3218.349,330,4710
2020-01-05 23:06:58.879000,3219.154,3218.349,3590,4710
2020-01-05 23:06:58.929000,3219.154,3218.443,330,4710
2020-01-05 23:07:00.643000,3219.3,3218.443,3590,4710
2020-01-05 23:07:00.693000,3219.3,3218.64,330,3160
2020-01-05 23:07:03.359000,3219.063,3218.64,330,910
2020-01-05 23:07:03.410000,3219.063,3218.4,3590,910
2020-01-05 23:07:07.568000,3219.1,3218.4,3590,3160
2020-01-05 23:07:07.618000,3219.1,3218.434,330,4710
2020-01-05 23:07:08.149000,3219.1,3218.346,330,4710
2020-01-05 23:07:08.199000,3219.066,3218.346,3590,910
2020-01-05 23:07:08.853000,3219.16,3218.346,3590,3160
2020-01-05 23:07:08.904000,3219.16,3218.5,330,910
2020-01-05 23:07:09.020000,3219.348,3218.5,3590,3160
2020-01-05 23:07:09.071000,3219.348,3218.637,330,4710
2020-01-05 23:07:09.881000,3219.1,3218.637,330,1280
2020-01-05 23:07:09.931000,3219.1,3218.434,330,4710
2020-01-05 23:07:12.431000,3219.063,3218.434,330,1280
2020-01-05 23:07:12.482000,3219.063,3218.349,3590,910
2020-01-05 23:07:12.917000,3219.151,3218.349,3590,3160
2020-01-05 23:07:12.967000,3219.151,3218.446,3590,4710
2020-01-05 23:07:13.074000,3219.057,3218.446,330,1280
2020-01-05 23:07:13.125000,3219.057,3218.343,3590,3160
2020-01-05 23:07:13.236000,3219.148,3218.343,3590,3160
2020-01-05 23:07:13.286000,3219.148,3218.44,330,4710
2020-01-05 23:07:13.440000,3219.3,3218.44,3590,4710
2020-01-05 23:07:13.490000,3219.3,3218.646,330,3160
2020-01-05 23:07:42.346000,3219.051,3218.646,330,910
2020-01-05 23:07:42.397000,3219.051,3218.352,2470,3160
2020-01-05 23:08:17.952000,3219.1,3218.352,3590,3160
2020-01-05 23:08:18.002000,3219.1,3218.455,330,910
2020-01-05 23:08:18.167000,3219.045,3218.455,330,910
2020-01-05 23:08:18.217000,3219.045,3218.334,330,4710
2020-01-05 23:08:18.330000,3219.1,3218.334,3590,4710
2020-01-05 23:08:18.813000,3219.345,3218.5,3590,3160
2020-01-05 23:08:18.863000,3219.345,3218.643,2470,4710
2020-01-05 23:08:42.847000,3219.866,3218.643,3590,4710
2020-01-05 23:08:42.898000,3219.357,3218.64,330,4710
2020-01-05 23:08:47.340000,3219.454,3218.64,3590,4710
2020-01-05 23:08:47.390000,3219.454,3218.743,3590,1280
2020-01-05 23:08:47.512000,3219.354,3218.743,330,1280
2020-01-05 23:08:47.563000,3219.354,3218.646,3590,910
2020-01-05 23:08:47.668000,3219.06,3218.646,330,910
2020-01-05 23:08:47.719000,3219.06,3218.4,330,3160
2020-01-05 23:08:47.829000,3219.357,3218.4,3590,3160
2020-01-05 23:08:47.879000,3219.357,3218.655,3590,3160
2020-01-05 23:08:48.265000,3219.157,3218.655,330,910
2020-01-05 23:08:48.316000,3219.157,3218.44,3590,4710
2020-01-05 23:08:48.440000,3219.366,3218.44,3590,4710
2020-01-05 23:08:48.490000,3219.366,3218.7,3590,910
2020-01-05 23:08:51.333000,3219.366,3218.34,3590,4710
2020-01-05 23:08:51.384000,3219.066,3218.34,3590,4710
2020-01-05 23:08:55.211000,3219.066,3218.64,2470,910
2020-01-05 23:08:55.261000,3219.363,3218.64,330,4710
2020-01-05 23:09:01.066000,3219.363,3218.34,330,4710
2020-01-05 23:09:01.116000,3219.045,3218.34,330,4710
2020-01-05 23:09:04.041000,3219.354,3218.34,3590,4710
2020-01-05 23:09:04.092000,3219.354,3218.652,330,910
2020-01-05 23:09:24.264000,3219.463,3218.652,3590,3160
2020-01-05 23:09:24.315000,3219.463,3218.746,3590,910
2020-01-05 23:09:24.426000,3219.348,3218.746,330,910
2020-01-05 23:09:24.476000,3219.348,3218.64,330,1280
2020-01-05 23:09:26.899000,3219.448,3218.64,3590,4710
2020-01-05 23:09:26.949000,3219.448,3218.743,330,1280
2020-01-05 23:09:27.583000,3219.554,3218.743,3590,4710
2020-01-05 23:09:27.633000,3219.554,3218.834,330,4710
2020-01-05 23:09:27.909000,3219.457,3218.834,330,1280
2020-01-05 23:09:27.960000,3219.457,3218.74,330,1280
2020-01-05 23:09:28.846000,3219.36,3218.74,330,1280
2020-01-05 23:09:28.896000,3219.36,3218.649,3590,1280
2020-01-05 23:09:30.548000,3219.554,3218.649,3590,4710
2020-01-05 23:09:30.598000,3219.554,3218.84,3590,4710
2020-01-05 23:09:34.873000,3219.348,3218.84,330,1280
2020-01-05 23:09:34.923000,3219.348,3218.64,330,3160
2020-01-05 23:09:35.037000,3219.566,3218.64,3590,3160
2020-01-05 23:09:35.087000,3219.566,3218.843,3590,4710
2020-01-05 23:09:42.329000,3219.46,3218.843,330,1280
2020-01-05 23:09:42.379000,3219.46,3218.737,3590,4710
2020-01-05 23:09:42.491000,3219.366,3218.737,330,1280
2020-01-05 23:09:42.541000,3219.366,3218.643,3590,1280
2020-01-05 23:09:42.653000,3219.151,3218.643,330,1280
2020-01-05 23:09:42.703000,3219.151,3218.449,2470,1280
2020-01-05 23:09:43.113000,3219.345,3218.449,3590,4710
2020-01-05 23:09:43.163000,3219.345,3218.634,330,4710
2020-01-05 23:09:43.436000,3219.166,3218.634,330,1280
2020-01-05 23:09:43.487000,3219.166,3218.449,3590,1280
2020-01-05 23:09:43.598000,3219.066,3218.449,330,1280
2020-01-05 23:09:43.649000,3219.066,3218.346,3590,4710
2020-01-05 23:09:55.997000,3219.357,3218.346,3590,4710
2020-01-05 23:09:56.047000,3219.357,3218.646,3590,910
2020-01-05 23:09:57.904000,3219.157,3218.646,330,910
2020-01-05 23:09:57.954000,3219.157,3218.443,3590,1280
2020-01-05 23:09:58.543000,3219.045,3218.443,330,1280
2020-01-05 23:09:58.593000,3219.045,3218.355,330,910
2020-01-05 23:10:00.066000,3219.348,3218.355,3590,3160
2020-01-05 23:10:00.116000,3219.348,3218.64,330,1280
2020-01-05 23:10:05.217000,3219.166,3218.64,330,1280
2020-01-05 23:10:05.267000,3219.166,3218.455,3590,910
2020-01-05 23:10:05.373000,3219.357,3218.455,3590,3160
2020-01-05 23:10:05.424000,3219.357,3218.644,2470,3160
2020-01-05 23:10:15.568000,3219.56,3218.649,3590,3160
2020-01-05 23:10:15.619000,3219.56,3218.834,330,4710
2020-01-05 23:10:19.800000,3219.857,3218.834,3590,4710
2020-01-05 23:10:19.850000,3219.857,3219.14,3590,3160
2020-01-05 23:10:19.962000,3219.554,3219.14,330,910
2020-01-05 23:10:20.012000,3219.554,3218.846,2470,1280
2020-01-05 23:10:27.270000,3219.36,3218.846,330,1280
2020-01-05 23:10:27.321000,3219.36,3218.655,330,910
2020-01-05 23:10:28.304000,3219.0,3218.655,330,910
2020-01-05 23:10:28.355000,3219.0,3218.352,330,1280
2020-01-05 23:10:34.321000,3219.354,3218.352,3590,4710
2020-01-05 23:10:34.371000,3219.354,3218.652,330,910
2020-01-05 23:11:10.878000,3219.145,3218.652,330,910
2020-01-05 23:11:10.928000,3219.145,3218.437,2470,4710
2020-01-05 23:11:11.836000,3219.36,3218.437,3590,4710
2020-01-05 23:11:11.887000,3219.36,3218.643,2470,3160
2020-01-05 23:11:13.610000,3219.054,3218.643,330,910
2020-01-05 23:11:13.661000,3219.054,3218.349,330,1280
2020-01-05 23:11:28.512000,3218.857,3218.349,330,1280
2020-01-05 23:11:28.563000,3218.857,3218.152,3590,910
2020-01-05 23:11:30.108000,3218.551,3218.152,330,910
2020-01-05 23:11:30.159000,3218.551,3217.9,330,910
2020-01-05 23:11:32.660000,3218.4,3217.9,330,910
2020-01-05 23:11:32.710000,3218.4,3217.74,330,4710
2020-01-05 23:11:32.942000,3218.351,3217.74,330,1280
2020-01-05 23:11:32.992000,3218.351,3217.634,2470,4710
2020-01-05 23:11:42.969000,3218.151,3217.634,330,1280
2020-01-05 23:11:43.020000,3218.151,3217.434,330,4710
2020-01-05 23:11:43.523000,3218.045,3217.434,330,1280
2020-01-05 23:11:43.573000,3218.045,3217.343,330,4710
2020-01-05 23:11:46.397000,3217.566,3217.343,330,1280
2020-01-05 23:11:46.448000,3217.566,3216.846,3590,4710
2020-01-05 23:11:46.556000,3217.845,3216.846,3590,4710
2020-01-05 23:11:46.606000,3217.845,3217.146,330,910
2020-01-05 23:11:48.042000,3217.548,3217.146,330,910
2020-01-05 23:11:48.093000,3217.548,3216.837,330,4710
2020-01-05 23:11:58.099000,3217.657,3216.837,3590,4710
2020-01-05 23:11:58.149000,3217.657,3216.949,2470,3160
2020-01-05 23:11:58.264000,3217.563,3216.949,330,910
2020-01-05 23:11:59.090000,3217.8,3216.9,3590,3160
2020-01-05 23:11:59.141000,3217.8,3217.152,330,910
2020-01-05 23:12:00.602000,3218.06,3217.152,3590,3160
2020-01-05 23:12:00.652000,3218.06,3217.346,2470,910
2020-01-05 23:12:02.294000,3218.354,3217.346,3590,3160
2020-01-05 23:12:02.345000,3218.354,3217.649,330,1280
2020-01-05 23:12:02.647000,3218.157,3217.649,330,1280
2020-01-05 23:12:02.697000,3218.157,3217.44,3590,910
2020-01-05 23:12:03.216000,3218.348,3217.44,3590,3160
2020-01-05 23:12:03.266000,3218.348,3217.652,2470,4710
2020-01-05 23:12:04.353000,3218.154,3217.652,330,1280
2020-01-05 23:12:04.404000,3218.154,3217.5,330,1280
2020-01-05 23:12:04.948000,3218.048,3217.5,330,1280
2020-01-05 23:12:04.999000,3218.048,3217.337,330,4710
2020-01-05 23:12:09.733000,3218.366,3217.337,3590,4710
2020-01-05 23:12:09.784000,3218.366,3217.649,3590,910
2020-01-05 23:12:14.336000,3218.057,3217.649,330,910
2020-01-05 23:12:14.386000,3218.057,3217.343,3590,1280
2020-01-05 23:12:16.293000,3217.954,3217.343,330,1280
2020-01-05 23:12:16.343000,3217.954,3217.243,330,4710
2020-01-05 23:12:16.538000,3218.045,3217.243,3590,4710
2020-01-05 23:12:16.588000,3218.045,3217.346,330,4710
2020-01-05 23:12:17.829000,3217.96,3217.346,330,1280
2020-01-05 23:12:17.879000,3217.96,3217.243,330,1280
2020-01-05 23:12:18.693000,3218.066,3217.243,3590,4710
2020-01-05 23:12:18.743000,3218.066,3217.355,3590,910
2020-01-05 23:12:19.705000,3218.157,3217.355,3590,3160
2020-01-05 23:12:19.756000,3218.157,3217.446,3590,3160
2020-01-05 23:12:20.247000,3218.348,3217.446,3590,3160
2020-01-05 23:12:20.298000,3218.348,3217.637,330,3160
2020-01-05 23:12:28.315000,3218.1,3217.637,330,910
2020-01-05 23:12:28.365000,3218.1,3217.44,330,4710
2020-01-05 23:12:28.865000,3218.345,3217.44,3590,4710
2020-01-05 23:12:28.915000,3218.345,3217.7,330,910
2020-01-05 23:12:29.025000,3218.063,3217.7,330,910
2020-01-05 23:12:29.076000,3218.063,3217.4,3590,910
2020-01-05 23:12:36.103000,3218.36,3217.4,3590,3160
2020-01-05 23:12:36.154000,3218.36,3217.634,330,4710
2020-01-05 23:12:42.184000,3218.445,3217.749,2470,910
2020-01-05 23:12:42.235000,3218.445,3217.749,2470,910
2020-01-05 23:12:42.439000,3218.566,3217.749,3590,3160
2020-01-05 23:12:42.489000,3218.566,3217.846,3590,4710
2020-01-05 23:12:59.882000,3218.666,3217.846,3590,4710
2020-01-05 23:12:59.932000,3218.666,3217.949,3590,910
2020-01-05 23:13:00.433000,3218.8,3217.949,3590,3160
2020-01-05 23:13:00.483000,3218.8,3218.134,330,4710
2020-01-05 23:13:07.294000,3218.945,3218.134,3590,4710
2020-01-05 23:13:07.345000,3218.945,3218.249,330,1280
2020-01-05 23:13:07.849000,3218.851,3218.249,330,1280
2020-01-05 23:13:07.900000,3218.851,3218.137,330,4710
2020-01-05 23:13:10.484000,3219.054,3218.137,3590,4710
2020-01-05 23:13:10.534000,3219.054,3218.349,2470,910
2020-01-05 23:13:22.351000,3219.357,3218.349,3590,3160
2020-01-05 23:13:22.401000,3219.357,3218.643,2470,4710
2020-01-05 23:13:53.161000,3219.045,3218.643,330,1280
2020-01-05 23:13:53.212000,3219.045,3218.346,330,1280
2020-01-05 23:13:54.884000,3219.351,3218.346,3590,4710
2020-01-05 23:13:54.935000,3219.351,3218.649,2470,3160
2020-01-05 23:14:19.144000,3219.063,3218.649,330,910
2020-01-05 23:14:19.195000,3219.063,3218.346,3590,910
2020-01-05 23:14:38.077000,3219.348,3218.346,3590,3160
2020-01-05 23:14:38.127000,3219.348,3218.652,330,3160
2020-01-05 23:15:02.641000,3219.56,3218.652,3590,3160
2020-01-05 23:15:02.692000,3219.56,3218.852,2470,4710
2020-01-05 23:15:02.800000,3219.348,3218.7,330,1280
2020-01-05 23:15:02.851000,3219.348,3218.7,2470,910
2020-01-05 23:15:13.899000,3219.548,3218.7,3590,3160
2020-01-05 23:15:13.949000,3219.548,3218.852,330,910
2020-01-05 23:15:14.059000,3219.3,3218.852,330,910
2020-01-05 23:15:14.109000,3219.3,3218.64,330,3160
2020-01-05 23:15:34.966000,3219.566,3218.64,3590,3160
2020-01-05 23:15:35.017000,3219.566,3218.9,3590,910
2020-01-05 23:15:35.126000,3219.348,3218.9,330,910
2020-01-05 23:15:35.177000,3219.348,3218.655,2470,1280
2020-01-05 23:15:40.101000,3219.4,3218.655,3590,4710
2020-01-05 23:15:40.594000,3219.557,3218.8,3590,3160
2020-01-05 23:15:40.644000,3219.557,3218.843,3590,4710
2020-01-05 23:15:45.604000,3219.3,3218.843,330,1280
2020-01-05 23:15:45.655000,3219.3,3218.655,330,3160
2020-01-05 23:15:50.107000,3219.0,3218.655,330,910
2020-01-05 23:15:50.157000,3219.0,3218.4,330,910
2020-01-05 23:15:50.954000,3219.3,3218.4,3590,3160
2020-01-05 23:15:51.004000,3219.3,3218.64,2470,4710
2020-01-05 23:16:04.904000,3219.566,3218.64,3590,4710
2020-01-05 23:16:04.955000,3219.566,3218.9,3590,910
2020-01-05 23:16:06.293000,3219.845,3218.9,3590,3160
2020-01-05 23:16:06.344000,3219.845,3219.143,330,3160
2020-01-05 23:16:06.602000,3220.048,3219.143,3590,3160
2020-01-05 23:16:06.653000,3220.048,3219.343,2470,910
2020-01-05 23:16:07.727000,3220.348,3219.343,3590,3160
2020-01-05 23:16:07.778000,3220.348,3219.643,330,1280
2020-01-05 23:16:08.414000,3220.0,3219.643,330,1280
2020-01-05 23:16:08.464000,3220.0,3219.355,330,910
2020-01-05 23:16:09.573000,3220.363,3219.355,3590,3160
2020-01-05 23:16:09.623000,3220.363,3219.655,2470,3160
2020-01-05 23:16:10.025000,3220.057,3219.655,330,910
2020-01-05 23:16:10.076000,3220.057,3219.343,2470,4710
2020-01-05 23:16:16.984000,3220.363,3219.343,3590,4710
2020-01-05 23:16:17.035000,3220.363,3219.64,2470,4710
2020-01-05 23:16:17.146000,3220.048,3219.64,330,1280
2020-01-05 23:16:17.197000,3220.048,3219.352,330,910
2020-01-05 23:16:17.919000,3219.551,3219.352,330,910
2020-01-05 23:16:17.970000,3220.054,3219.346,3590,1280
2020-01-05 23:16:18.099000,3219.851,3219.14,330,1280
2020-01-05 23:16:18.150000,3219.851,3219.14,2470,910
2020-01-05 23:16:19.606000,3219.5,3219.14,330,910
2020-01-05 23:16:19.656000,3219.5,3218.846,330,3160
2020-01-05 23:16:22.649000,3219.86,3219.155,3590,910
2020-01-05 23:16:22.700000,3219.86,3219.155,3590,910
2020-01-05 23:16:24.660000,3219.563,3219.155,330,910
2020-01-05 23:16:24.994000,3219.563,3218.855,330,4710
2020-01-05 23:16:25.454000,3219.857,3218.855,3590,3160
2020-01-05 23:16:25.505000,3219.857,3219.14,2470,3160
2020-01-05 23:16:27.626000,3219.857,3218.849,3590,4710
2020-01-05 23:16:27.676000,3219.554,3218.849,3590,1280
2020-01-05 23:16:27.786000,3219.445,3218.849,330,1280
2020-01-05 23:16:27.837000,3219.445,3218.749,330,3160
2020-01-05 23:16:27.949000,3219.148,3218.749,330,910
2020-01-05 23:16:28.000000,3219.148,3218.437,330,910
2020-01-05 23:16:28.109000,3219.354,3218.437,3590,3160
2020-01-05 23:16:28.159000,3219.354,3218.646,330,910
2020-01-05 23:16:32.590000,3219.06,3218.646,330,910
2020-01-05 23:16:32.640000,3219.06,3218.4,3590,910
2020-01-05 23:16:38.091000,3218.86,3218.4,330,910
2020-01-05 23:16:38.162000,3218.86,3218.2,330,910
2020-01-05 23:16:39.245000,3218.557,3218.2,330,910
2020-01-05 23:16:39.295000,3218.557,3217.855,2470,910
2020-01-05 23:16:49.226000,3218.8,3217.855,3590,3160
2020-01-05 23:16:49.277000,3218.8,3218.143,330,3160
2020-01-05 23:16:56.901000,3218.563,3218.143,330,910
2020-01-05 23:16:56.952000,3218.563,3217.855,3590,3160
2020-01-05 23:16:57.643000,3218.348,3217.855,330,910
2020-01-05 23:16:57.693000,3218.348,3217.634,330,4710
2020-01-05 23:16:59.940000,3218.066,3217.634,330,1280
2020-01-05 23:16:59.990000,3218.066,3217.346,3590,910
2020-01-05 23:17:02.075000,3217.86,3217.346,330,910
2020-01-05 23:17:02.125000,3217.86,3217.146,330,4710
2020-01-05 23:17:02.608000,3218.066,3217.146,3590,4710
2020-01-05 23:17:02.658000,3218.066,3217.4,3590,910
2020-01-05 23:17:03.361000,3217.863,3217.4,330,910
2020-01-05 23:17:03.411000,3217.863,3217.143,3590,3160
2020-01-05 23:17:05.534000,3217.545,3217.143,330,910
2020-01-05 23:17:05.584000,3217.545,3216.84,330,4710
2020-01-05 23:17:06.364000,3217.363,3216.84,330,1280
2020-01-05 23:17:06.414000,3217.363,3216.64,3590,910
2020-01-05 23:17:09.316000,3217.551,3216.64,3590,3160
2020-01-05 23:17:09.367000,3217.551,3216.843,3590,4710
2020-01-05 23:17:11.688000,3217.551,3216.637,3590,4710
2020-01-05 23:17:11.738000,3217.366,3216.637,3590,4710
2020-01-05 23:17:14.474000,3217.366,3216.637,330,4710
2020-01-05 23:17:14.524000,3217.5,3216.84,3590,1280
2020-01-05 23:17:16.530000,3217.5,3216.84,330,1280
2020-01-05 23:17:16.581000,3217.8,3217.143,330,4710
2020-01-05 23:17:23.030000,3218.0,3217.143,3590,4710
2020-01-05 23:17:23.090000,3218.0,3217.349,330,1280
2020-01-05 23:17:24.070000,3217.154,3216.443,330,1280
2020-01-05 23:17:24.173000,3217.557,3216.443,3880,4710
2020-01-05 23:17:24.224000,3217.557,3216.849,330,1280
2020-01-05 23:17:27.211000,3217.863,3216.849,3590,4710
2020-01-05 23:17:27.261000,3217.863,3217.134,3590,4710
2020-01-05 23:17:28.867000,3217.554,3217.134,330,1280
2020-01-05 23:17:28.917000,3217.554,3216.846,3590,3160
2020-01-05 23:17:29.459000,3217.645,3216.846,3590,3160
2020-01-05 23:17:29.509000,3217.645,3216.943,2470,1280
2020-01-05 23:17:29.616000,3217.554,3216.943,330,1280
2020-01-05 23:17:29.667000,3217.554,3216.852,330,3160
2020-01-05 23:17:42.585000,3217.554,3217.14,330,1280
2020-01-05 23:17:42.635000,3217.86,3217.14,330,4710
2020-01-05 23:17:43.705000,3217.56,3217.14,330,1280
2020-01-05 23:17:43.755000,3217.56,3216.834,2470,4710
2020-01-05 23:17:47.708000,3217.857,3216.834,3590,4710
2020-01-05 23:17:47.758000,3217.857,3217.155,2470,910
2020-01-05 23:17:55.156000,3218.045,3217.155,3590,3160
2020-01-05 23:17:55.206000,3218.045,3217.34,330,1280
2020-01-05 23:17:55.747000,3217.863,3217.152,330,4710
2020-01-05 23:17:55.797000,3217.863,3217.152,3590,4710
2020-01-05 23:18:12.238000,3217.56,3217.152,330,1280
2020-01-05 23:18:12.289000,3217.56,3216.9,330,910
2020-01-05 23:18:13.031000,3217.86,3216.9,3590,3160
2020-01-05 23:18:13.081000,3217.86,3217.155,3590,1280
2020-01-05 23:18:17.929000,3218.0,3217.155,3590,4710
2020-01-05 23:18:17.979000,3218.0,3217.34,330,1280
2020-01-05 23:18:18.826000,3217.957,3217.34,330,1280
2020-01-05 23:18:18.876000,3217.957,3217.237,3590,4710
2020-01-05 23:18:19.158000,3217.854,3217.237,330,1280
2020-01-05 23:18:19.208000,3217.854,3217.149,330,3160
2020-01-05 23:18:20.566000,3218.048,3217.149,3590,3160
2020-01-05 23:18:20.616000,3218.048,3217.352,330,910
2020-01-05 23:18:28.103000,3218.348,3217.352,3590,3160
2020-01-05 23:18:28.154000,3218.348,3217.643,2470,4710
2020-01-05 23:18:30.010000,3217.863,3217.643,330,1280
2020-01-05 23:18:30.060000,3217.863,3217.155,3590,1280
2020-01-05 23:18:30.166000,3218.051,3217.155,3590,4710
2020-01-05 23:18:30.216000,3218.051,3217.352,330,1280
2020-01-05 23:18:30.557000,3218.354,3217.352,3590,4710
2020-01-05 23:18:30.608000,3218.354,3217.646,2470,4710
2020-01-05 23:18:32.053000,3218.166,3217.646,330,1280
2020-01-05 23:18:32.104000,3218.166,3217.455,3590,910
2020-01-05 23:18:32.453000,3218.063,3217.455,330,910
2020-01-05 23:18:32.549000,3218.063,3217.352,3590,910
2020-01-05 23:18:34.645000,3218.166,3217.352,3590,3160
2020-01-05 23:18:34.695000,3218.166,3217.452,3590,4710
2020-01-05 23:18:34.806000,3218.354,3217.452,3590,4710
2020-01-05 23:18:34.856000,3218.354,3217.649,330,910
2020-01-05 23:18:37.078000,3218.5,3217.649,3590,3160
2020-01-05 23:18:37.129000,3218.5,3217.855,330,910
2020-01-05 23:18:38.093000,3218.5,3217.855,330,1280
2020-01-05 23:18:38.151000,3218.866,3217.855,3590,4710
2020-01-05 23:18:38.253000,3218.963,3218.155,3590,3160
2020-01-05 23:18:38.407000,3218.866,3218.249,330,1280
2020-01-05 23:18:39.052000,3218.948,3218.149,3590,3160
2020-01-05 23:18:39.103000,3218.948,3218.24,330,3160
2020-01-05 23:18:39.214000,3218.8,3218.24,330,910
2020-01-05 23:18:39.264000,3218.8,3218.143,2470,4710
2020-01-05 23:18:40.143000,3218.957,3218.143,3590,4710
2020-01-05 23:18:40.193000,3218.957,3218.234,3590,4710
2020-01-05 23:18:40.696000,3219.048,3218.234,3590,4710
2020-01-05 23:18:40.746000,3219.048,3218.349,330,3160
2020-01-05 23:18:41.132000,3218.951,3218.349,330,910
2020-01-05 23:18:41.183000,3218.951,3218.252,3590,3160
2020-01-05 23:18:41.457000,3218.851,3218.252,330,910
2020-01-05 23:18:41.508000,3218.851,3218.14,330,4710
2020-01-05 23:18:43.199000,3219.066,3218.14,3590,4710
2020-01-05 23:18:43.250000,3219.066,3218.4,3590,910
2020-01-05 23:18:43.728000,3219.357,3218.4,3590,3160
2020-01-05 23:18:43.778000,3219.357,3218.643,2470,1280
2020-01-05 23:18:43.890000,3219.054,3218.643,330,1280
2020-01-05 23:18:43.940000,3219.054,3218.34,3590,4710
2020-01-05 23:18:44.537000,3219.354,3218.34,3590,4710
2020-01-05 23:18:44.587000,3219.354,3218.646,330,4710
2020-01-05 23:18:46.034000,3219.0,3218.646,330,1280
2020-01-05 23:18:46.084000,3219.0,3218.349,330,4710
2020-01-05 23:18:47.698000,3219.3,3218.349,3590,4710
2020-01-05 23:18:47.748000,3219.3,3218.646,330,3160
2020-01-05 23:18:49.729000,3219.566,3218.646,3590,3160
2020-01-05 23:18:49.780000,3219.566,3218.849,3590,910
2020-01-05 23:18:51.782000,3219.36,3218.849,330,910
2020-01-05 23:18:51.833000,3219.36,3218.646,3590,4710
2020-01-05 23:18:51.941000,3219.551,3218.646,3590,4710
2020-01-05 23:18:51.992000,3219.551,3218.837,3590,4710
2020-01-05 23:18:55.286000,3219.4,3218.837,330,1280
2020-01-05 23:18:55.337000,3219.4,3218.749,330,910
2020-01-05 23:18:55.509000,3219.557,3218.749,3590,3160
2020-01-05 23:18:55.560000,3219.557,3218.834,3590,4710
2020-01-05 23:18:55.669000,3219.363,3218.834,330,1280
2020-01-05 23:18:55.720000,3219.363,3218.7,3590,4710
2020-01-05 23:18:55.993000,3219.563,3218.7,3590,4710
2020-01-05 23:18:56.044000,3219.563,3218.837,3590,1280
2020-01-05 23:18:56.881000,3219.851,3218.837,3590,4710
2020-01-05 23:18:56.932000,3219.851,3219.143,2470,4710
2020-01-05 23:19:01.474000,3220.36,3219.143,3590,4710
2020-01-05 23:19:01.524000,3220.36,3219.637,3590,4710
2020-01-05 23:19:01.575000,3219.851,3219.137,330,4710
2020-01-05 23:19:03.050000,3220.3,3219.137,3590,4710
2020-01-05 23:19:03.101000,3220.3,3219.652,330,910
2020-01-05 23:19:03.209000,3220.06,3219.652,330,910
2020-01-05 23:19:03.260000,3220.06,3219.334,330,4710
2020-01-05 23:19:04.815000,3220.354,3219.334,3590,4710
2020-01-05 23:19:04.866000,3220.354,3219.646,330,1280
2020-01-05 23:19:08.571000,3220.048,3219.646,330,1280
2020-01-05 23:19:08.622000,3220.048,3219.355,2470,3160
2020-01-05 23:19:12.391000,3220.351,3219.355,3590,3160
2020-01-05 23:19:12.441000,3220.351,3219.655,3590,910
2020-01-05 23:19:13.963000,3220.063,3219.655,330,910
2020-01-05 23:19:14.014000,3220.063,3219.352,3590,910
2020-01-05 23:19:14.326000,3220.063,3219.143,3590,4710
2020-01-05 23:19:14.376000,3219.848,3219.143,3590,4710
2020-01-05 23:19:18.091000,3220.954,3220.243,330,3530
2020-01-05 23:19:18.141000,3220.4,3219.746,330,1280
2020-01-05 23:19:18.273000,3220.357,3219.746,330,1280
2020-01-05 23:19:18.323000,3220.357,3219.7,3590,910
2020-01-05 23:19:20.931000,3220.057,3219.7,330,910
2020-01-05 23:19:20.981000,3220.057,3219.334,2470,4710
2020-01-05 23:19:29.908000,3219.851,3219.14,330,4710
2020-01-05 23:19:29.958000,3219.851,3219.14,2470,3160
2020-01-05 23:19:31.604000,3220.048,3219.14,3590,3160
2020-01-05 23:19:31.654000,3220.048,3219.349,330,1280
2020-01-05 23:19:31.764000,3219.845,3219.349,330,1280
2020-01-05 23:19:31.815000,3219.845,3219.149,330,1280
2020-01-05 23:19:33.168000,3219.945,3219.149,3590,4710
2020-01-05 23:19:33.218000,3219.945,3219.246,330,3160
2020-01-05 23:19:33.496000,3220.054,3219.246,3590,3160
2020-01-05 23:19:33.546000,3220.054,3219.346,2470,1280
2020-01-05 23:19:35.824000,3220.354,3219.346,3590,4710
2020-01-05 23:19:35.874000,3220.354,3219.643,3590,1280
2020-01-05 23:19:38.198000,3220.563,3219.643,3590,4710
2020-01-05 23:19:38.249000,3220.563,3219.837,3590,4710
2020-01-05 23:19:39.150000,3220.651,3219.837,3590,4710
2020-01-05 23:19:39.201000,3220.651,3219.955,330,910
2020-01-05 23:19:39.311000,3220.845,3219.955,3590,3160
2020-01-05 23:19:39.361000,3220.845,3220.143,330,4710
2020-01-05 23:19:39.728000,3220.845,3220.143,330,4710
2020-01-05 23:19:39.778000,3221.0,3220.337,330,4710
2020-01-05 23:19:42.021000,3220.866,3220.337,330,1280
2020-01-05 23:19:42.071000,3220.866,3220.137,3590,4710
2020-01-05 23:19:42.180000,3220.948,3220.137,3590,4710
2020-01-05 23:19:42.230000,3220.948,3220.237,3590,1280
2020-01-05 23:19:42.343000,3220.848,3220.237,330,1280
2020-01-05 23:19:42.393000,3220.848,3220.2,330,1280
2020-01-05 23:19:44.905000,3220.551,3220.2,330,1280
2020-01-05 23:19:44.955000,3220.551,3219.852,2470,1280
2020-01-05 23:19:45.228000,3220.854,3219.852,3590,4710
2020-01-05 23:19:45.278000,3220.854,3220.149,330,3160
2020-01-05 23:19:45.978000,3220.651,3220.149,330,910
2020-01-05 23:19:46.029000,3220.651,3219.937,330,4710
2020-01-05 23:19:46.148000,3220.8,3219.937,3590,4710
2020-01-05 23:19:46.198000,3220.8,3220.134,330,4710
2020-01-05 23:19:47.486000,3220.963,3220.134,3590,4710
2020-01-05 23:19:47.536000,3220.963,3220.243,2470,910
2020-01-05 23:19:48.643000,3221.045,3220.243,3590,3160
2020-01-05 23:19:48.694000,3221.045,3220.346,330,3160
2020-01-05 23:19:48.804000,3220.848,3220.346,330,910
2020-01-05 23:19:48.855000,3220.848,3220.14,330,4710
2020-01-05 23:19:49.657000,3220.951,3220.14,3590,4710
2020-01-05 23:19:49.708000,3220.951,3220.252,330,910
2020-01-05 23:19:49.824000,3220.848,3220.252,330,910
2020-01-05 23:19:49.874000,3220.848,3220.143,330,4710
2020-01-05 23:19:49.933000,3220.848,3220.143,2470,3160
2020-01-05 23:19:50.142000,3220.966,3220.143,3590,3160
2020-01-05 23:19:50.193000,3220.966,3220.243,3590,4710
2020-01-05 23:19:50.461000,3220.854,3220.243,330,1280
2020-01-05 23:19:50.511000,3220.854,3220.14,330,4710
2020-01-05 23:19:50.626000,3220.9,3220.14,3590,4710
2020-01-05 23:19:50.676000,3220.9,3220.243,330,4710
2020-01-05 23:19:50.955000,3220.845,3220.243,330,1280
2020-01-05 23:19:51.006000,3220.845,3220.146,330,1280
2020-01-05 23:19:51.115000,3220.945,3220.146,3590,4710
2020-01-05 23:19:51.165000,3220.945,3220.255,2470,910
2020-01-05 23:19:52.002000,3221.054,3220.255,3590,3160
2020-01-05 23:19:52.053000,3221.054,3220.349,2470,3160
2020-01-05 23:19:52.153000,3220.857,3220.349,330,910
2020-01-05 23:19:52.203000,3220.857,3220.137,3590,4710
2020-01-05 23:19:53.237000,3221.066,3220.137,3590,4710
2020-01-05 23:19:53.288000,3221.066,3220.343,3590,4710
2020-01-05 23:19:54.652000,3221.066,3220.655,2470,910
2020-01-05 23:19:54.702000,3221.348,3220.655,330,910
2020-01-05 23:19:55.193000,3221.06,3220.655,330,910
2020-01-05 23:19:55.244000,3221.06,3220.355,3590,1280
2020-01-05 23:19:56.252000,3220.951,3220.355,330,1280
2020-01-05 23:19:56.302000,3220.951,3220.249,330,910
2020-01-05 23:19:56.948000,3221.063,3220.249,3590,3160
2020-01-05 23:19:56.998000,3221.063,3220.334,2470,4710
2020-01-05 23:19:58.264000,3221.063,3220.152,3590,4710
2020-01-05 23:19:58.314000,3220.8,3220.152,330,1280
2020-01-05 23:20:00.628000,3221.048,3220.152,3590,4710
2020-01-05 23:20:00.709000,3221.048,3220.343,330,1280
2020-01-05 23:20:02.333000,3221.36,3220.343,3590,4710
2020-01-05 23:20:02.383000,3221.36,3220.634,3590,4710
2020-01-05 23:20:02.956000,3221.045,3220.634,330,1280
2020-01-05 23:20:03.007000,3221.045,3220.337,2470,910
2020-01-05 23:20:04.102000,3221.363,3220.337,3590,3160
2020-01-05 23:20:04.152000,3221.363,3220.634,330,4710
2020-01-05 23:20:04.996000,3221.063,3220.634,330,1280
2020-01-05 23:20:05.046000,3221.063,3220.4,3590,910
2020-01-05 23:20:06.204000,3220.854,3220.4,330,910
2020-01-05 23:20:06.254000,3220.854,3220.155,330,3160
2020-01-05 23:20:09.083000,3220.566,3220.155,330,910
2020-01-05 23:20:09.134000,3220.566,3219.852,3590,3160
2020-01-05 23:20:10.058000,3221.048,3219.852,3590,3160
2020-01-05 23:20:10.109000,3221.048,3220.349,3590,1280
2020-01-05 23:20:10.217000,3220.845,3220.349,330,1280
2020-01-05 23:20:10.267000,3220.845,3220.134,330,4710
2020-01-05 23:20:12.307000,3221.0,3220.134,3590,4710
2020-01-05 23:20:13.013000,3221.0,3220.355,330,3160
2020-01-05 23:20:16.596000,3221.363,3220.355,3590,3160
2020-01-05 23:20:16.647000,3221.363,3220.643,3590,4710
2020-01-05 23:20:22.455000,3221.363,3220.855,2470,910
2020-01-05 23:20:22.505000,3221.566,3220.855,3590,1280
2020-01-05 23:20:24.183000,3221.851,3220.855,3590,4710
2020-01-05 23:20:24.234000,3221.851,3221.146,330,910
2020-01-05 23:20:29.808000,3222.066,3221.146,3590,3160
2020-01-05 23:20:29.859000,3222.066,3221.334,3590,4710
2020-01-05 23:20:41.284000,3222.863,3221.334,3590,4710
2020-01-05 23:20:41.335000,3222.863,3222.149,3590,7710
2020-01-05 23:20:41.385000,3222.351,3221.655,330,910
2020-01-05 23:20:41.509000,3222.548,3221.655,3590,3160
2020-01-05 23:20:41.559000,3222.548,3221.855,330,910
2020-01-05 23:20:42.840000,3222.645,3221.855,3590,3160
2020-01-05 23:20:43.164000,3222.645,3221.943,2470,910
2020-01-05 23:20:43.214000,3222.645,3221.943,330,1280
2020-01-05 23:20:43.265000,3222.551,3221.846,330,4710
2020-01-05 23:20:43.315000,3222.551,3221.846,330,3160
2020-01-05 23:20:43.552000,3222.551,3221.846,330,4710
2020-01-05 23:20:43.602000,3222.657,3221.934,330,4710
2020-01-05 23:20:43.752000,3222.657,3222.14,330,910
2020-01-05 23:20:43.803000,3222.857,3222.14,2470,1280
2020-01-05 23:20:46.839000,3222.554,3222.14,330,910
2020-01-05 23:20:46.890000,3222.554,3221.846,330,910
2020-01-05 23:20:53.394000,3222.554,3221.846,2470,910
2020-01-05 23:20:53.445000,3222.357,3221.7,3590,910
2020-01-05 23:20:58.414000,3222.554,3221.7,3590,3160
2020-01-05 23:20:58.464000,3222.554,3221.843,330,4710
2020-01-05 23:20:59.036000,3222.845,3221.843,3590,4710
2020-01-05 23:20:59.087000,3222.845,3222.14,2470,4710
2020-01-05 23:20:59.137000,3222.3,3221.646,330,1280
2020-01-05 23:21:31.248000,3222.554,3221.646,3590,4710
2020-01-05 23:21:31.298000,3222.554,3221.84,3590,1280
2020-01-05 23:21:33.496000,3221.551,3220.834,2470,4710
2020-01-05 23:21:33.546000,3222.051,3221.34,3590,4710
2020-01-05 23:21:33.851000,3221.96,3221.34,330,1280
2020-01-05 23:21:33.901000,3221.96,3221.252,330,910
2020-01-05 23:21:33.969000,3222.445,3221.252,3590,3160
2020-01-05 23:21:34.019000,3222.445,3221.743,330,4710
2020-01-05 23:21:34.129000,3222.351,3221.743,330,1280
2020-01-05 23:21:34.203000,3222.351,3221.64,330,4710
2020-01-05 23:21:34.691000,3222.057,3221.64,330,1280
2020-01-05 23:21:34.742000,3222.057,3221.355,2470,910
2020-01-05 23:21:35.299000,3222.354,3221.355,3590,3160
2020-01-05 23:21:35.349000,3222.354,3221.646,330,1280
2020-01-05 23:21:40.961000,3222.066,3221.646,330,1280
2020-01-05 23:21:41.026000,3222.066,3221.4,3590,910
2020-01-05 23:21:41.122000,3222.357,3221.4,3590,3160
2020-01-05 23:21:41.172000,3222.357,3221.649,2470,3160
2020-01-05 23:21:49.985000,3222.066,3221.649,330,910
2020-01-05 23:21:50.035000,3222.066,3221.34,3590,3160
2020-01-05 23:21:59.639000,3221.854,3221.34,330,910
2020-01-05 23:21:59.689000,3221.854,3221.146,330,1280
2020-01-05 23:22:04.206000,3221.554,3221.146,330,1280
2020-01-05 23:22:04.257000,3221.554,3220.834,330,4710
2020-01-05 23:22:04.362000,3221.863,3220.834,3590,4710
2020-01-05 23:22:04.412000,3221.863,3221.2,3590,910
2020-01-05 23:22:05.401000,3221.648,3221.2,330,910
2020-01-05 23:22:05.451000,3221.648,3220.94,2470,1280
2020-01-05 23:22:06.212000,3221.857,3220.94,3590,4710
2020-01-05 23:22:06.263000,3221.857,3221.14,330,1280
2020-01-05 23:22:12.084000,3221.645,3221.14,330,1280
2020-01-05 23:22:12.140000,3221.645,3221.14,330,910
2020-01-05 23:22:12.307000,3221.566,3220.955,330,1280
2020-01-05 23:22:12.469000,3221.854,3220.846,3590,4710
2020-01-05 23:22:12.519000,3221.854,3221.14,330,910
2020-01-05 23:22:14.805000,3221.6,3221.14,330,910
2020-01-05 23:22:14.855000,3221.6,3220.949,330,3160
2020-01-05 23:22:15.765000,3221.5,3220.949,330,910
2020-01-05 23:22:15.815000,3221.5,3220.846,330,4710
2020-01-05 23:22:17.908000,3221.857,3220.846,3590,4710
2020-01-05 23:22:17.959000,3221.857,3221.149,330,1280
2020-01-05 23:22:18.428000,3221.551,3221.149,330,1280
2020-01-05 23:22:18.478000,3221.551,3220.834,330,4710
2020-01-05 23:22:23.464000,3221.851,3220.834,3590,4710
2020-01-05 23:22:23.514000,3221.851,3221.149,330,1280
2020-01-05 23:22:23.622000,3221.548,3221.149,330,1280
2020-01-05 23:22:23.673000,3221.548,3220.9,2470,3160
2020-01-05 23:22:33.714000,3221.548,3221.134,2470,910
2020-01-05 23:22:33.764000,3221.863,3221.134,330,4710
2020-01-05 23:22:34.721000,3222.057,3221.134,3590,4710
2020-01-05 23:22:34.771000,3222.057,3221.4,330,1280
2020-01-05 23:22:39.533000,3221.963,3221.4,330,1280
2020-01-05 23:22:39.584000,3221.963,3221.243,3590,4710
2020-01-05 23:22:39.693000,3221.8,3221.243,330,1280
2020-01-05 23:22:39.743000,3221.8,3221.143,330,4710
2020-01-05 23:22:54.508000,3221.548,3221.143,330,1280
2020-01-05 23:22:54.558000,3221.548,3220.846,330,3160
2020-01-05 23:22:58.741000,3221.848,3220.846,3590,3160
2020-01-05 23:22:58.792000,3221.848,3221.146,330,3160
2020-01-05 23:23:00.428000,3221.657,3221.146,330,910
2020-01-05 23:23:00.479000,3221.657,3220.949,3590,3160
2020-01-05 23:23:01.340000,3221.566,3220.949,330,910
2020-01-05 23:23:01.390000,3221.566,3220.843,3590,4710
2020-01-05 23:23:01.516000,3221.566,3221.152,2470,910
2020-01-05 23:23:01.566000,3221.86,3221.152,330,910
2020-01-05 23:23:04.045000,3221.545,3221.152,330,910
2020-01-05 23:23:04.096000,3221.545,3220.843,330,4710
2020-01-05 23:23:04.642000,3221.8,3220.843,3590,4710
2020-01-05 23:23:04.692000,3221.8,3221.2,330,910
2020-01-05 23:23:07.185000,3221.554,3221.2,330,910
2020-01-05 23:23:07.235000,3221.554,3220.852,2470,4710
2020-01-05 23:23:09.702000,3221.851,3220.852,3590,4710
2020-01-05 23:23:09.753000,3221.851,3221.134,330,4710
2020-01-05 23:23:20.322000,3221.957,3221.134,3590,4710
2020-01-05 23:23:20.372000,3221.957,3221.249,3590,4710
2020-01-05 23:23:20.479000,3222.057,3221.249,3590,4710
2020-01-05 23:23:20.530000,3222.057,3221.343,3590,4710
2020-01-05 23:23:24.487000,3221.854,3221.343,330,1280
2020-01-05 23:23:24.538000,3221.854,3221.155,330,1280
2020-01-05 23:23:25.771000,3221.954,3221.155,3590,4710
2020-01-05 23:23:25.822000,3221.954,3221.3,2470,1280
2020-01-05 23:23:27.021000,3222.057,3221.3,3590,4710
2020-01-05 23:23:27.076000,3222.057,3221.346,330,3160
2020-01-05 23:23:28.881000,3221.854,3221.346,330,910
2020-01-05 23:23:28.932000,3221.854,3221.152,330,910
2020-01-05 23:23:29.047000,3221.854,3221.249,330,910
2020-01-05 23:23:29.097000,3221.957,3221.249,3590,910
2020-01-05 23:23:29.490000,3222.054,3221.249,3590,3160
2020-01-05 23:23:29.541000,3222.054,3221.334,3590,4710
2020-01-05 23:23:29.657000,3221.945,3221.334,330,1280
2020-01-05 23:23:29.708000,3221.945,3221.243,330,4710
2020-01-05 23:23:29.888000,3221.86,3221.243,330,1280
2020-01-05 23:23:29.939000,3221.86,3221.143,2470,4710
2020-01-05 23:23:30.783000,3222.054,3221.143,3590,4710
2020-01-05 23:23:30.833000,3222.054,3221.4,2470,910
2020-01-05 23:23:37.985000,3221.863,3221.4,330,910
2020-01-05 23:23:38.038000,3221.863,3221.137,3590,4710
2020-01-05 23:23:58.173000,3222.0,3221.137,3590,4710
2020-01-05 23:23:58.223000,3222.0,3221.337,330,4710
2020-01-05 23:24:00.079000,3221.8,3221.337,330,1280
2020-01-05 23:24:00.130000,3221.8,3221.137,330,4710
2020-01-05 23:24:19.279000,3221.548,3221.137,330,1280
2020-01-05 23:24:19.330000,3221.548,3220.852,2470,910
2020-01-05 23:24:22.234000,3221.366,3220.852,330,910
2020-01-05 23:24:22.284000,3221.366,3220.637,3590,1280
2020-01-05 23:24:25.617000,3221.451,3220.637,3590,4710
2020-01-05 23:24:25.668000,3221.451,3220.752,330,910
2020-01-05 23:24:25.775000,3221.36,3220.752,330,910
2020-01-05 23:24:25.826000,3221.36,3220.646,3590,4710
2020-01-05 23:24:35.612000,3221.148,3220.646,330,1280
2020-01-05 23:24:35.662000,3221.148,3220.5,3590,910
2020-01-05 23:24:36.398000,3221.3,3220.5,3590,3160
2020-01-05 23:24:36.449000,3221.3,3220.649,330,910
2020-01-05 23:24:37.287000,3221.551,3220.649,3590,3160
2020-01-05 23:24:37.337000,3221.551,3220.84,2470,4710
2020-01-05 23:24:38.042000,3221.86,3220.84,3590,4710
2020-01-05 23:24:38.093000,3221.86,3221.14,3590,4710
2020-01-05 23:24:41.519000,3221.648,3221.14,330,1280
2020-01-05 23:24:41.570000,3221.648,3220.952,330,910
2020-01-05 23:24:41.708000,3221.854,3220.952,3590,3160
2020-01-05 23:24:41.759000,3221.854,3221.14,3590,4710
2020-01-05 23:24:42.870000,3221.663,3221.14,330,1280
2020-01-05 23:24:42.920000,3221.663,3221.0,3590,910
2020-01-05 23:24:43.036000,3221.563,3221.0,330,910
2020-01-05 23:24:43.086000,3221.563,3220.837,3590,1280
2020-01-05 23:24:44.426000,3221.451,3220.837,330,1280
2020-01-05 23:24:44.476000,3221.451,3220.8,330,3160
2020-01-05 23:24:44.592000,3221.566,3220.8,3590,3160
2020-01-05 23:24:44.749000,3221.445,3220.855,330,1280
2020-01-05 23:24:44.800000,3221.445,3220.74,2470,4710
2020-01-05 23:24:45.350000,3221.357,3220.74,330,1280
2020-01-05 23:24:45.400000,3221.357,3220.646,3590,4710
2020-01-05 23:24:45.671000,3221.563,3220.646,3590,4710
2020-01-05 23:24:45.721000,3221.563,3220.855,3590,910
2020-01-05 23:24:49.053000,3221.445,3220.855,330,910
2020-01-05 23:24:49.104000,3221.445,3220.737,330,4710
2020-01-05 23:24:49.396000,3221.348,3220.737,330,1280
2020-01-05 23:24:49.447000,3221.348,3220.643,330,4710
2020-01-05 23:24:55.946000,3221.163,3220.643,330,1280
2020-01-05 23:24:55.996000,3221.163,3220.452,3590,910
2020-01-05 23:24:57.056000,3221.357,3220.452,3590,3160
2020-01-05 23:24:57.106000,3221.357,3220.649,3590,1280
2020-01-05 23:24:59.190000,3221.5,3220.649,3590,4710
2020-01-05 23:24:59.241000,3221.5,3220.9,330,910
2020-01-05 23:25:01.365000,3221.851,3220.9,3590,3160
2020-01-05 23:25:01.450000,3221.851,3221.134,330,4710
2020-01-05 23:25:01.897000,3221.648,3221.134,330,1280
2020-01-05 23:25:01.948000,3221.648,3221.0,330,1280
2020-01-05 23:25:02.282000,3221.545,3221.0,330,1280
2020-01-05 23:25:02.332000,3221.545,3220.852,330,3160
2020-01-05 23:25:04.722000,3221.657,3220.852,3590,3160
2020-01-05 23:25:04.772000,3221.657,3220.937,330,4710
2020-01-05 23:25:06.527000,3221.8,3220.937,3590,4710
2020-01-05 23:25:06.578000,3221.8,3221.149,2470,1280
2020-01-05 23:25:12.712000,3221.96,3221.149,3590,4710
2020-01-05 23:25:12.797000,3221.96,3221.252,2470,1280
2020-01-05 23:25:12.871000,3222.06,3221.252,3590,4710
2020-01-05 23:25:13.819000,3222.348,3221.4,3590,3160
2020-01-05 23:25:13.869000,3222.348,3221.637,2470,4710
2020-01-05 23:25:13.979000,3222.1,3221.637,330,1280
2020-01-05 23:25:14.030000,3222.1,3221.443,330,1280
2020-01-05 23:25:14.333000,3222.36,3221.443,3590,4710
2020-01-05 23:25:14.384000,3222.36,3221.652,330,3160
2020-01-05 23:25:15.771000,3222.154,3221.652,330,910
2020-01-05 23:25:15.822000,3222.154,3221.446,2470,910
2020-01-05 23:25:15.966000,3222.3,3221.446,3590,3160
2020-01-05 23:25:16.017000,3222.3,3221.649,330,910
2020-01-05 23:25:16.130000,3222.148,3221.649,330,910
2020-01-05 23:25:16.180000,3222.148,3221.455,330,3160
2020-01-05 23:25:16.289000,3222.351,3221.455,3590,3160
2020-01-05 23:25:16.339000,3222.351,3221.7,3590,910
2020-01-05 23:25:17.418000,3222.148,3221.7,330,910
2020-01-05 23:25:17.469000,3222.148,3221.449,330,1280
2020-01-05 23:25:17.544000,3222.366,3221.449,3590,4710
2020-01-05 23:25:17.595000,3222.366,3221.646,3590,1280
2020-01-05 23:25:19.936000,3222.154,3221.646,330,1280
2020-01-05 23:25:19.986000,3222.154,3221.455,2470,910
2020-01-05 23:25:20.096000,3222.36,3221.455,3590,3160
2020-01-05 23:25:20.146000,3222.36,3221.652,3590,1280
2020-01-05 23:25:30.886000,3222.36,3221.349,3590,4710
2020-01-05 23:25:30.937000,3222.057,3221.349,3590,3160
2020-01-05 23:25:31.024000,3222.1,3221.349,3590,3160
2020-01-05 23:25:31.075000,3222.1,3221.443,330,1280
2020-01-05 23:25:31.186000,3222.066,3221.443,330,1280
2020-01-05 23:25:31.236000,3222.066,3221.355,3590,1280
2020-01-05 23:25:32.688000,3222.154,3221.355,3590,4710
2020-01-05 23:25:32.738000,3222.154,3221.434,330,4710
2020-01-05 23:25:33.003000,3222.066,3221.434,330,1280
2020-01-05 23:25:33.092000,3222.066,3221.349,3590,4710
2020-01-05 23:25:33.402000,3222.163,3221.349,3590,4710
2020-01-05 23:25:33.452000,3222.163,3221.449,2470,910
2020-01-05 23:25:35.407000,3222.3,3221.449,3590,3160
2020-01-05 23:25:35.457000,3222.3,3221.649,330,1280
2020-01-05 23:25:35.568000,3222.145,3221.649,330,1280
2020-01-05 23:25:35.618000,3222.145,3221.437,330,4710
2020-01-05 23:25:35.942000,3222.366,3221.437,3590,4710
2020-01-05 23:25:35.992000,3222.366,3221.649,3590,3160
2020-01-05 23:25:37.371000,3222.048,3221.649,330,910
2020-01-05 23:25:37.421000,3222.048,3221.343,2470,1280
2020-01-05 23:25:37.534000,3222.354,3221.646,3590,910
2020-01-05 23:25:37.585000,3222.354,3221.646,3590,1280
2020-01-05 23:25:51.702000,3222.457,3221.646,3590,4710
2020-01-05 23:25:51.753000,3222.457,3221.737,3590,1280
2020-01-05 23:25:51.860000,3222.357,3221.737,330,1280
2020-01-05 23:25:51.910000,3222.357,3221.64,330,1280
2020-01-05 23:25:52.730000,3222.457,3221.64,3590,4710
2020-01-05 23:25:52.781000,3222.457,3221.8,330,1280
2020-01-05 23:25:52.903000,3222.563,3221.8,3590,4710
2020-01-05 23:25:52.953000,3222.563,3221.9,2470,910
2020-01-05 23:25:53.516000,3222.451,3221.9,330,910
2020-01-05 23:25:53.567000,3222.451,3221.737,2470,4710
2020-01-05 23:25:54.080000,3222.545,3221.737,3590,4710
2020-01-05 23:25:54.131000,3222.545,3221.834,330,4710
2020-01-05 23:25:55.587000,3222.545,3221.834,2470,3160
2020-01-05 23:25:55.641000,3222.466,3221.737,3590,4710
2020-01-05 23:25:55.720000,3222.366,3221.737,330,1280
2020-01-05 23:25:55.770000,3222.366,3221.646,3590,910
2020-01-05 23:26:02.257000,3222.057,3221.646,330,910
2020-01-05 23:26:02.307000,3222.057,3221.337,2470,1280
2020-01-05 23:26:07.677000,3221.86,3221.337,330,1280
2020-01-05 23:26:07.740000,3221.86,3221.146,330,4710
2020-01-05 23:26:27.865000,3221.5,3221.146,330,1280
2020-01-05 23:26:27.915000,3221.5,3220.846,2470,4710
2020-01-05 23:26:30.061000,3221.348,3220.846,330,1280
2020-01-05 23:26:30.112000,3221.348,3220.652,330,1280
2020-01-05 23:26:30.695000,3221.548,3220.652,3590,4710
2020-01-05 23:26:30.745000,3221.548,3220.855,330,3160
2020-01-05 23:26:30.857000,3221.36,3220.855,330,910
2020-01-05 23:26:30.907000,3221.36,3220.646,3590,4710
2020-01-05 23:26:33.848000,3221.56,3220.646,3590,4710
2020-01-05 23:26:33.898000,3221.56,3220.852,330,4710
2020-01-05 23:26:35.577000,3221.56,3220.734,330,4710
2020-01-05 23:26:35.628000,3221.445,3220.734,330,4710
2020-01-05 23:26:36.445000,3221.548,3220.734,3590,4710
2020-01-05 23:26:36.496000,3221.548,3220.843,3590,1280
2020-01-05 23:26:42.225000,3221.863,3220.843,3590,4710
2020-01-05 23:26:42.275000,3221.863,3221.152,3590,1280
2020-01-05 23:26:49.259000,3222.3,3221.152,3590,4710
2020-01-05 23:26:49.310000,3222.3,3221.646,330,4710
2020-01-05 23:26:49.422000,3222.051,3221.646,330,1280
2020-01-05 23:26:49.473000,3222.051,3221.346,3590,3160
2020-01-05 23:27:08.483000,3222.16,3221.346,3590,3160
2020-01-05 23:27:08.533000,3222.16,3221.434,3590,4710
2020-01-05 23:27:08.639000,3222.06,3221.434,330,1280
2020-01-05 23:27:08.689000,3222.06,3221.34,3590,910
2020-01-05 23:27:35.152000,3221.854,3221.34,330,910
2020-01-05 23:27:35.203000,3221.854,3221.146,330,4710
2020-01-05 23:27:35.763000,3222.0,3221.146,3590,4710
2020-01-05 23:27:35.830000,3222.0,3221.334,330,4710
2020-01-05 23:27:42.445000,3221.951,3221.334,330,1280
2020-01-05 23:27:43.292000,3221.8,3221.246,330,1280
2020-01-05 23:27:43.342000,3221.8,3221.14,330,4710
2020-01-05 23:27:43.461000,3221.8,3221.237,330,910
2020-01-05 23:27:43.511000,3221.963,3221.237,3590,4710
2020-01-05 23:27:43.687000,3221.8,3221.237,330,1280
2020-01-05 23:27:43.737000,3221.8,3221.137,330,4710
2020-01-05 23:27:44.006000,3221.954,3221.137,3590,4710
2020-01-05 23:27:44.057000,3221.954,3221.24,3590,1280
2020-01-05 23:27:44.625000,3221.854,3221.24,330,1280
2020-01-05 23:27:44.675000,3221.854,3221.146,330,1280
2020-01-05 23:28:04.395000,3221.545,3221.146,330,1280
2020-01-05 23:28:04.446000,3221.545,3220.849,330,1280
2020-01-05 23:28:17.559000,3221.351,3220.849,330,1280
2020-01-05 23:28:17.609000,3221.351,3220.64,330,4710
2020-01-05 23:28:23.483000,3221.548,3220.64,3590,4710
2020-01-05 23:28:23.533000,3221.548,3220.9,2470,910
2020-01-05 23:28:34.710000,3221.357,3220.9,330,910
2020-01-05 23:28:34.761000,3221.357,3220.634,330,4710
2020-01-05 23:28:35.705000,3221.148,3220.634,330,1280
2020-01-05 23:28:35.755000,3221.148,3220.5,3590,910
2020-01-05 23:28:36.474000,3220.857,3220.5,330,910
2020-01-05 23:28:36.524000,3220.857,3220.152,330,3160
2020-01-05 23:28:43.448000,3220.566,3220.152,330,910
2020-01-05 23:28:43.498000,3220.566,3219.9,3590,910
2020-01-05 23:28:47.195000,3220.848,3219.9,3590,3160
2020-01-05 23:28:47.245000,3220.848,3220.149,2470,1280
2020-01-05 23:28:47.356000,3220.551,3220.149,330,1280
2020-01-05 23:28:47.424000,3220.551,3219.837,3590,4710
2020-01-05 23:29:03.217000,3220.654,3219.837,3590,4710
2020-01-05 23:29:03.267000,3220.654,3219.934,330,4710
2020-01-05 23:29:03.374000,3220.554,3219.934,330,1280
2020-01-05 23:29:03.424000,3220.554,3219.843,3590,1280
2020-01-05 23:29:03.535000,3220.848,3219.843,3590,4710
2020-01-05 23:29:03.585000,3220.848,3220.134,330,4710
2020-01-05 23:29:08.060000,3221.06,3220.134,3590,4710
2020-01-05 23:29:08.110000,3221.06,3220.343,3590,4710
2020-01-05 23:29:13.981000,3220.548,3220.343,330,1280
2020-01-05 23:29:14.031000,3220.548,3219.837,330,1280
2020-01-05 23:29:15.870000,3220.8,3219.837,3590,4710
2020-01-05 23:29:15.921000,3220.8,3220.155,330,910
2020-01-05 23:29:17.439000,3220.566,3220.155,330,910
2020-01-05 23:29:17.489000,3220.566,3219.837,3590,3160
2020-01-05 23:29:22.272000,3220.3,3219.837,330,910
2020-01-05 23:29:22.322000,3220.3,3219.637,2470,3160
2020-01-05 23:29:22.813000,3220.563,3219.637,3590,3160
2020-01-05 23:29:22.864000,3220.563,3219.846,2470,910
2020-01-05 23:29:26.757000,3220.36,3219.846,330,910
2020-01-05 23:29:26.807000,3220.36,3219.655,3590,910
2020-01-05 23:29:29.087000,3220.4,3219.655,3590,3160
2020-01-05 23:29:29.138000,3220.4,3219.746,330,910
2020-01-05 23:29:30.068000,3220.554,3219.746,3590,3160
2020-01-05 23:29:30.118000,3220.554,3219.846,330,1280
2020-01-05 23:29:30.396000,3220.357,3219.846,330,1280
2020-01-05 23:29:30.446000,3220.357,3219.649,3590,1280
2020-01-05 23:29:36.505000,3220.151,3219.649,330,1280
2020-01-05 23:29:36.556000,3220.151,3219.449,3590,1280
2020-01-05 23:29:36.659000,3220.366,3219.449,3590,4710
2020-01-05 23:29:36.709000,3220.366,3219.652,3590,910
2020-01-05 23:29:41.032000,3220.0,3219.652,330,910
2020-01-05 23:29:41.083000,3220.0,3219.352,330,3160
2020-01-05 23:29:46.332000,3219.86,3219.149,3590,1280
2020-01-05 23:29:49.388000,3219.5,3219.149,330,1280
2020-01-05 23:29:49.438000,3219.5,3218.837,2470,4710
2020-01-05 23:29:51.192000,3219.36,3218.837,330,1280
2020-01-05 23:29:51.242000,3219.36,3218.637,3590,4710
2020-01-05 23:29:52.212000,3219.054,3218.637,330,1280
2020-01-05 23:29:52.263000,3219.054,3218.355,3590,910
2020-01-05 23:29:52.374000,3219.351,3218.355,3590,3160
2020-01-05 23:29:52.424000,3219.351,3218.652,2470,1280
2020-01-05 23:29:54.309000,3219.16,3218.652,330,1280
2020-01-05 23:29:54.360000,3219.16,3218.434,330,4710
2020-01-05 23:29:54.515000,3219.063,3218.434,330,1280
2020-01-05 23:29:54.565000,3219.063,3218.34,3590,1280
2020-01-05 23:29:56.869000,3219.563,3218.34,3590,4710
2020-01-05 23:29:56.919000,3219.563,3218.9,3590,3160
2020-01-05 23:29:58.260000,3219.345,3218.9,330,910
2020-01-05 23:29:58.310000,3219.345,3218.7,330,910
2020-01-05 23:30:00.331000,3219.6,3218.937,3590,910
2020-01-05 23:30:00.381000,3219.6,3218.937,330,1280
2020-01-05 23:30:00.496000,3219.8,3218.937,3590,4710
2020-01-05 23:30:00.547000,3219.8,3219.149,330,910
2020-01-05 23:30:00.990000,3219.6,3219.149,330,910
2020-01-05 23:30:01.040000,3219.6,3219.0,330,910
2020-01-05 23:30:01.152000,3219.548,3219.0,330,910
2020-01-05 23:30:01.203000,3219.548,3218.84,330,3160
2020-01-05 23:30:01.798000,3219.445,3218.84,330,910
2020-01-05 23:30:01.848000,3219.445,3218.74,330,4710
2020-01-05 23:30:01.976000,3219.554,3218.74,3590,4710
2020-01-05 23:30:02.027000,3219.554,3218.852,330,3160
2020-01-05 23:30:02.493000,3219.357,3218.852,330,910
2020-01-05 23:30:02.544000,3219.357,3218.652,3590,4710
2020-01-05 23:30:02.818000,3219.566,3218.652,3590,4710
2020-01-05 23:30:02.868000,3219.566,3218.834,3590,4710
2020-01-05 23:30:09.560000,3219.357,3218.834,330,1280
2020-01-05 23:30:09.611000,3219.357,3218.649,2470,4710
2020-01-05 23:30:13.771000,3219.557,3218.649,3590,4710
2020-01-05 23:30:13.821000,3219.557,3218.834,330,4710
2020-01-05 23:30:14.103000,3219.857,3218.834,3590,4710
2020-01-05 23:30:14.154000,3219.857,3219.155,2470,910
2020-01-05 23:30:14.907000,3219.56,3219.155,330,910
2020-01-05 23:30:14.957000,3219.56,3218.834,330,4710
2020-01-05 23:30:15.067000,3219.651,3218.834,3590,4710
2020-01-05 23:30:15.117000,3219.651,3218.949,3590,4710
2020-01-05 23:30:15.232000,3219.854,3218.949,3590,4710
2020-01-05 23:30:15.282000,3219.854,3219.134,2470,4710
2020-01-05 23:30:15.390000,3219.651,3219.134,330,1280
2020-01-05 23:30:15.440000,3219.651,3219.0,2470,910
2020-01-05 23:30:17.141000,3219.857,3219.152,3590,910
2020-01-05 23:30:17.191000,3219.857,3219.152,3590,910
2020-01-05 23:30:19.211000,3219.66,3219.152,330,910
2020-01-05 23:30:19.261000,3219.66,3218.934,330,4710
2020-01-05 23:30:19.376000,3219.851,3218.934,3590,4710
2020-01-05 23:30:19.426000,3219.851,3219.149,330,3160
2020-01-05 23:30:21.139000,3219.651,3219.149,330,910
2020-01-05 23:30:21.190000,3219.651,3218.934,330,4710
2020-01-05 23:30:22.326000,3219.557,3218.934,330,1280
2020-01-05 23:30:22.376000,3219.557,3218.84,2470,4710
2020-01-05 23:30:27.253000,3219.863,3218.84,3590,4710
2020-01-05 23:30:27.304000,3219.863,3219.137,330,4710
2020-01-05 23:30:32.154000,3219.566,3219.137,330,1280
2020-01-05 23:30:32.205000,3219.566,3218.846,3590,910
2020-01-05 23:30:40.861000,3219.845,3218.846,3590,3160
2020-01-05 23:30:40.911000,3219.845,3219.134,330,4710
2020-01-05 23:30:42.331000,3219.654,3219.134,330,1280
2020-01-05 23:30:42.397000,3219.654,3218.934,330,4710
2020-01-05 23:30:42.495000,3219.8,3218.934,330,4710
2020-01-05 23:30:42.545000,3219.8,3219.137,330,1280
2020-01-05 23:30:53.610000,3219.56,3219.137,330,1280
2020-01-05 23:30:53.661000,3219.56,3218.855,3590,910
2020-01-05 23:30:55.462000,3219.56,3218.855,3590,910
2020-01-05 23:30:55.512000,3219.36,3218.652,3590,4710
2020-01-05 23:31:19.165000,3219.548,3218.852,2470,910
2020-01-05 23:31:19.215000,3219.548,3218.852,330,1280
2020-01-05 23:31:19.820000,3219.3,3218.852,330,1280
2020-01-05 23:31:19.870000,3219.3,3218.649,330,910
2020-01-05 23:31:20.239000,3219.466,3218.649,3590,3160
2020-01-05 23:31:20.290000,3219.466,3218.752,3590,910
2020-01-05 23:31:20.873000,3219.345,3218.752,330,910
2020-01-05 23:31:20.923000,3219.345,3218.652,330,1280
2020-01-05 23:31:22.853000,3219.554,3218.652,3590,4710
2020-01-05 23:31:22.904000,3219.554,3218.837,330,4710
2020-01-05 23:31:26.152000,3219.354,3218.837,330,1280
2020-01-05 23:31:26.202000,3219.354,3218.646,3590,3160
2020-01-05 23:31:41.348000,3219.563,3218.837,3590,4710
2020-01-05 23:31:49.114000,3219.854,3218.837,3590,4710
2020-01-05 23:31:49.164000,3219.854,3219.134,330,4710
2020-01-05 23:31:58.732000,3219.951,3219.134,3590,4710
2020-01-05 23:31:58.782000,3219.951,3219.234,330,4710
2020-01-05 23:31:59.502000,3220.057,3219.234,3590,4710
2020-01-05 23:31:59.552000,3220.057,3219.4,3590,910
2020-01-05 23:32:00.355000,3219.86,3219.4,330,910
2020-01-05 23:32:00.406000,3219.86,3219.2,3590,910
2020-01-05 23:32:04.749000,3219.554,3219.2,330,910
2020-01-05 23:32:04.799000,3219.554,3218.855,2470,3160
2020-01-05 23:32:06.606000,3219.357,3218.855,330,910
2020-01-05 23:32:06.657000,3219.357,3218.646,3590,3160
2020-01-05 23:32:06.766000,3219.445,3218.646,3590,3160
2020-01-05 23:32:06.817000,3219.445,3218.749,330,3160
2020-01-05 23:32:07.052000,3219.56,3218.749,3590,3160
2020-01-05 23:32:07.102000,3219.56,3218.849,3590,910
2020-01-05 23:32:09.981000,3219.345,3218.849,330,910
2020-01-05 23:32:10.031000,3219.345,3218.637,330,4710
2020-01-05 23:32:23.804000,3219.048,3218.637,330,1280
2020-01-05 23:32:23.854000,3219.048,3218.349,330,3160
2020-01-05 23:32:29.513000,3219.351,3218.349,3590,3160
2020-01-05 23:32:29.563000,3219.351,3218.646,330,3160
2020-01-05 23:32:29.832000,3219.054,3218.646,330,910
2020-01-05 23:32:29.883000,3219.054,3218.355,330,4710
2020-01-05 23:33:04.010000,3219.148,3218.355,3590,4710
2020-01-05 23:33:04.061000,3219.148,3218.446,330,910
2020-01-05 23:33:04.176000,3219.357,3218.446,3590,3160
2020-01-05 23:33:04.227000,3219.357,3218.649,3590,1280
2020-01-05 23:33:07.884000,3219.357,3218.846,2470,910
2020-01-05 23:33:07.934000,3219.554,3218.846,2470,4710
2020-01-05 23:33:11.153000,3219.654,3218.846,3590,4710
2020-01-05 23:33:11.203000,3219.654,3218.955,3590,910
2020-01-05 23:33:11.690000,3219.854,3218.955,3590,3160
2020-01-05 23:33:11.741000,3219.854,3219.143,330,1280
2020-01-05 23:33:15.032000,3219.563,3219.143,330,1280
2020-01-05 23:33:15.082000,3219.563,3218.846,3590,3160
2020-01-05 23:33:22.544000,3219.648,3218.846,3590,3160
2020-01-05 23:33:22.595000,3219.648,3218.955,330,910
2020-01-05 23:33:22.712000,3219.551,3218.955,330,910
2020-01-05 23:33:22.762000,3219.551,3218.9,330,910
2020-01-05 23:33:30.036000,3219.357,3218.9,330,910
2020-01-05 23:33:30.087000,3219.357,3218.643,3590,1280
2020-01-05 23:33:33.397000,3219.548,3218.643,3590,4710
2020-01-05 23:33:33.447000,3219.548,3218.84,330,4710
2020-01-05 23:33:37.816000,3219.854,3218.84,3590,4710
2020-01-05 23:33:37.866000,3219.854,3219.146,330,910
2020-01-05 23:33:37.974000,3219.554,3219.146,330,910
2020-01-05 23:33:38.024000,3219.554,3218.846,3590,3160
2020-01-05 23:33:39.890000,3219.866,3218.846,3590,3160
2020-01-05 23:33:39.941000,3219.866,3219.137,3590,4710
2020-01-05 23:33:44.650000,3219.56,3219.137,330,1280
2020-01-05 23:33:44.701000,3219.56,3218.9,3590,910
2020-01-05 23:33:45.350000,3219.657,3218.9,3590,3160
2020-01-05 23:33:45.401000,3219.657,3218.949,330,3160
2020-01-05 23:33:46.120000,3219.857,3218.949,3590,3160
2020-01-05 23:33:46.170000,3219.857,3219.152,2470,3160
2020-01-05 23:33:51.383000,3220.051,3219.152,3590,3160
2020-01-05 23:33:51.470000,3220.051,3219.346,2470,910
2020-01-05 23:34:09.089000,3220.357,3219.346,3590,3160
2020-01-05 23:34:09.139000,3220.357,3219.637,330,4710
2020-01-05 23:34:17.476000,3220.56,3219.637,3590,4710
2020-01-05 23:34:17.526000,3220.56,3219.84,3590,4710
2020-01-05 23:34:24.584000,3220.448,3219.84,330,1280
2020-01-05 23:34:24.635000,3220.448,3219.737,3590,4710
2020-01-05 23:34:24.745000,3220.566,3219.737,3590,4710
2020-01-05 23:34:24.796000,3220.566,3219.846,3590,4710
2020-01-05 23:34:27.234000,3220.3,3219.846,330,1280
2020-01-05 23:34:27.285000,3220.3,3219.655,330,910
2020-01-05 23:34:28.494000,3220.045,3219.655,330,910
2020-01-05 23:34:28.544000,3220.045,3219.334,330,4710
2020-01-05 23:34:36.458000,3220.348,3219.334,3590,4710
2020-01-05 23:34:36.509000,3220.348,3219.634,330,4710
2020-01-05 23:34:42.125000,3220.551,3219.634,3590,4710
2020-01-05 23:34:42.176000,3220.551,3219.855,330,910
2020-01-05 23:34:55.384000,3220.366,3219.855,330,910
2020-01-05 23:34:55.435000,3220.366,3219.634,3590,4710
2020-01-05 23:34:55.702000,3220.451,3219.634,3590,4710
2020-01-05 23:34:55.752000,3220.451,3219.746,330,4710
2020-01-05 23:34:56.017000,3220.351,3219.746,330,1280
2020-01-05 23:34:56.067000,3220.351,3219.64,330,3160
2020-01-05 23:34:57.518000,3220.463,3219.64,3590,3160
2020-01-05 23:34:57.568000,3220.463,3219.734,3590,4710
2020-01-05 23:34:57.943000,3220.348,3219.734,330,1280
2020-01-05 23:34:57.993000,3220.348,3219.652,3590,1280
2020-01-05 23:34:59.776000,3220.46,3219.652,3590,4710
2020-01-05 23:34:59.826000,3220.46,3219.8,330,910
2020-01-05 23:34:59.943000,3220.554,3219.8,3590,3160
2020-01-05 23:34:59.994000,3220.554,3219.9,330,910
2020-01-05 23:35:02.835000,3220.351,3219.9,330,910
2020-01-05 23:35:02.885000,3220.351,3219.634,330,4710
2020-01-05 23:35:03.160000,3220.351,3219.634,330,4710
2020-01-05 23:35:03.210000,3220.445,3219.74,330,910
2020-01-05 23:35:03.317000,3220.554,3219.74,3590,3160
2020-01-05 23:35:03.368000,3220.554,3219.846,330,910
2020-01-05 23:35:26.547000,3220.4,3219.846,330,910
2020-01-05 23:35:26.597000,3220.4,3219.74,2470,4710
2020-01-05 23:35:27.273000,3220.545,3219.74,3590,4710
2020-01-05 23:35:27.323000,3220.545,3219.834,330,4710
2020-01-05 23:35:27.431000,3220.366,3219.834,330,1280
2020-01-05 23:35:27.481000,3220.366,3219.637,3590,4710
2020-01-05 23:35:34.094000,3220.463,3219.637,3590,4710
2020-01-05 23:35:34.145000,3220.463,3219.752,3590,4710
2020-01-05 23:35:34.626000,3220.348,3219.752,330,1280
2020-01-05 23:35:34.676000,3220.348,3219.634,3590,4710
2020-01-05 23:35:34.787000,3220.46,3219.634,3590,4710
2020-01-05 23:35:34.837000,3220.46,3219.737,3590,4710
2020-01-05 23:35:35.080000,3220.545,3219.737,3590,4710
2020-01-05 23:35:35.130000,3220.545,3219.852,330,910
2020-01-05 23:35:35.241000,3220.345,3219.852,330,910
2020-01-05 23:35:35.292000,3220.345,3219.64,330,4710
2020-01-05 23:35:36.162000,3220.56,3219.64,3590,4710
2020-01-05 23:35:36.212000,3220.56,3219.84,330,4710
2020-01-05 23:35:36.323000,3220.454,3219.84,330,1280
2020-01-05 23:35:36.373000,3220.454,3219.749,330,1280
2020-01-05 23:35:36.484000,3220.563,3219.749,3590,4710
2020-01-05 23:35:36.534000,3220.563,3219.852,2470,1280
2020-01-05 23:35:41.981000,3220.866,3219.852,3590,4710
2020-01-05 23:35:42.031000,3220.866,3220.134,3590,4710
2020-01-05 23:35:49.375000,3220.548,3220.134,330,1280
2020-01-05 23:35:49.425000,3220.548,3219.843,330,910
2020-01-05 23:35:51.757000,3221.045,3219.843,3590,3160
2020-01-05 23:35:51.807000,3221.045,3220.4,330,910
2020-01-05 23:35:59.964000,3220.866,3220.4,330,910
2020-01-05 23:36:00.014000,3220.866,3220.143,3590,4710
2020-01-05 23:36:07.276000,3221.057,3220.143,3590,4710
