2021-04-09 00:00:01.303000,4109.161,4108.237,2710,4190
2021-04-09 00:00:01.353000,4108.949,4108.245,2250,2250
2021-04-09 00:00:04.593000,4108.664,4108.231,2250,890
2021-04-09 00:00:04.644000,4108.649,4107.954,2250,2250
2021-04-09 00:00:08.030000,4108.946,4107.949,2710,4190
2021-04-09 00:00:08.080000,4108.901,4108.245,2250,2250
2021-04-09 00:00:35.466000,4109.149,4108.24,2710,4190
2021-04-09 00:00:35.517000,4109.167,4108.499,2250,2250
2021-04-09 00:00:45.108000,4109.361,4108.437,2710,4190
2021-04-09 00:00:45.158000,4109.301,4108.636,2250,2250
2021-04-09 00:00:45.262000,4109.101,4108.646,2250,890
2021-04-09 00:00:45.313000,4109.152,4108.442,2250,2250
2021-04-09 00:00:45.585000,4108.955,4108.446,2250,890
2021-04-09 00:00:45.635000,4108.955,4108.239,2250,2250
2021-04-09 00:00:49.397000,4108.455,4108.24,2250,890
2021-04-09 00:00:49.447000,4108.455,4107.751,2250,2250
2021-04-09 00:00:49.556000,4108.649,4107.743,2710,4190
2021-04-09 00:00:49.607000,4108.661,4107.954,2250,2250
2021-04-09 00:00:51.187000,4108.901,4107.949,2710,4190
2021-04-09 00:00:51.237000,4108.955,4108.245,2250,2250
2021-04-09 00:00:52.783000,4108.664,4108.237,2250,890
2021-04-09 00:00:52.834000,4108.652,4107.948,2250,2250
2021-04-09 00:00:52.944000,4108.952,4107.934,2710,4190
2021-04-09 00:00:52.995000,4108.949,4108.239,2250,2250
2021-04-09 00:00:53.516000,4108.652,4108.24,2250,890
2021-04-09 00:00:53.566000,4108.661,4107.951,2250,2250
2021-04-09 00:00:58.222000,4108.458,4107.739,2250,2250
2021-04-09 00:01:04.247000,4108.649,4107.749,2710,4190
2021-04-09 00:01:04.297000,4108.649,4107.999,2250,2250
2021-04-09 00:01:08.108000,4108.464,4107.94,2250,890
2021-04-09 00:01:08.158000,4108.449,4107.748,2250,2250
2021-04-09 00:01:24.956000,4108.652,4107.731,2710,4190
2021-04-09 00:01:25.006000,4108.652,4107.999,2250,2250
2021-04-09 00:01:29.557000,4108.455,4107.946,2250,890
2021-04-09 00:01:29.608000,4108.452,4107.751,2250,2250
2021-04-09 00:01:33.281000,4108.664,4107.999,2250,2250
2021-04-09 00:01:33.418000,4108.401,4107.934,2250,890
2021-04-09 00:01:33.469000,4108.449,4107.739,2250,2250
2021-04-09 00:01:34.417000,4108.664,4107.734,2710,4190
2021-04-09 00:01:34.467000,4108.664,4107.942,2250,2250
2021-04-09 00:01:35.264000,4108.449,4107.931,2250,890
2021-04-09 00:01:35.314000,4108.461,4107.754,2250,2250
2021-04-09 00:01:36.827000,4108.658,4107.737,2710,4190
2021-04-09 00:01:36.877000,4108.658,4107.933,2250,2250
2021-04-09 00:01:37.340000,4108.455,4107.943,2250,890
2021-04-09 00:01:37.390000,4108.455,4107.745,2250,2250
2021-04-09 00:01:38.397000,4108.658,4107.74,2710,4190
2021-04-09 00:01:38.447000,4108.601,4107.954,2250,2250
2021-04-09 00:01:48.467000,4108.467,4107.751,2250,2250
2021-04-09 00:02:00.458000,4108.152,4107.734,2250,890
2021-04-09 00:02:00.508000,4108.146,4107.499,2250,2250
2021-04-09 00:02:02.565000,4108.458,4107.437,2710,4190
2021-04-09 00:02:02.615000,4108.401,4107.745,2250,2250
2021-04-09 00:02:03.387000,4108.167,4107.734,2250,890
2021-04-09 00:02:03.437000,4108.164,4107.439,2250,2250
2021-04-09 00:02:15.291000,4107.952,4107.449,2250,890
2021-04-09 00:02:15.341000,4107.955,4107.254,2250,2250
2021-04-09 00:02:28.310000,4107.661,4107.231,2250,890
2021-04-09 00:02:28.361000,4107.601,4106.948,2250,2250
2021-04-09 00:02:28.812000,4107.964,4106.952,2710,4190
2021-04-09 00:02:28.862000,4107.955,4107.248,2250,2250
2021-04-09 00:02:38.509000,4108.152,4107.231,2710,4190
2021-04-09 00:02:38.560000,4108.161,4107.433,2250,2250
2021-04-09 00:02:48.111000,4108.461,4107.443,2710,4190
2021-04-09 00:02:48.161000,4108.446,4107.736,2250,2250
2021-04-09 00:02:58.516000,4108.161,4107.731,2250,890
2021-04-09 00:02:58.566000,4108.155,4107.499,2250,2250
2021-04-09 00:02:58.677000,4108.455,4107.437,2710,4190
2021-04-09 00:02:58.727000,4108.401,4107.748,2250,2250
2021-04-09 00:02:59.829000,4108.364,4107.731,2250,890
2021-04-09 00:02:59.880000,4108.361,4107.633,2250,2250
2021-04-09 00:02:59.988000,4108.452,4107.646,2710,4190
2021-04-09 00:03:00.038000,4108.452,4107.748,2250,2250
2021-04-09 00:03:20.120000,4108.158,4107.436,2250,2250
2021-04-09 00:03:44.314000,4108.446,4107.497,2710,4190
2021-04-09 00:03:44.364000,4108.449,4107.751,2250,2250
2021-04-09 00:03:59.427000,4108.158,4107.442,2250,2250
2021-04-09 00:03:59.882000,4108.301,4107.446,2710,4190
2021-04-09 00:03:59.933000,4108.367,4107.639,2250,2250
2021-04-09 00:04:00.363000,4108.452,4107.643,2710,4190
2021-04-09 00:04:00.414000,4108.464,4107.742,2250,2250
2021-04-09 00:04:01.543000,4108.164,4107.752,2250,890
2021-04-09 00:04:01.593000,4108.149,4107.445,2250,2250
2021-04-09 00:04:02.871000,4108.401,4107.443,2710,4190
2021-04-09 00:04:02.921000,4108.461,4107.748,2250,2250
2021-04-09 00:04:03.891000,4108.101,4107.731,2250,890
2021-04-09 00:04:03.942000,4108.149,4107.439,2250,2250
2021-04-09 00:04:20.497000,4108.452,4107.497,2710,4190
2021-04-09 00:04:20.548000,4108.449,4107.736,2250,2250
2021-04-09 00:04:25.966000,4108.649,4107.743,2710,4190
2021-04-09 00:04:26.016000,4108.655,4107.948,2250,2250
2021-04-09 00:04:29.370000,4108.501,4107.94,2250,890
2021-04-09 00:04:29.420000,4108.558,4107.839,2250,2250
2021-04-09 00:04:29.529000,4108.652,4107.834,2710,4190
2021-04-09 00:04:29.579000,4108.655,4107.942,2250,2250
2021-04-09 00:04:31.340000,4108.401,4107.952,2250,890
2021-04-09 00:04:31.391000,4108.461,4107.799,2250,2250
2021-04-09 00:04:37.236000,4108.649,4107.749,2710,4190
2021-04-09 00:04:37.286000,4108.655,4107.999,2250,2250
2021-04-09 00:04:43.557000,4108.949,4108.251,2250,2250
2021-04-09 00:04:43.715000,4108.658,4108.297,2250,890
2021-04-09 00:04:43.765000,4108.655,4107.942,2250,2250
2021-04-09 00:04:44.523000,4108.901,4107.946,2710,4190
2021-04-09 00:04:44.573000,4108.949,4108.245,2250,2250
2021-04-09 00:04:45.809000,4109.167,4108.243,2710,4190
2021-04-09 00:04:45.859000,4109.146,4108.436,2250,2250
2021-04-09 00:04:46.329000,4109.146,4108.231,2710,4190
2021-04-09 00:04:46.380000,4108.967,4108.299,2250,2250
2021-04-09 00:04:52.188000,4108.967,4108.452,2250,890
2021-04-09 00:04:52.238000,4109.152,4108.448,2250,2250
2021-04-09 00:05:05.278000,4109.449,4108.431,2710,4190
2021-04-09 00:05:05.328000,4109.455,4108.736,2250,2250
2021-04-09 00:05:08.861000,4109.167,4108.454,2250,2250
2021-04-09 00:05:12.333000,4109.458,4108.446,2710,4190
2021-04-09 00:05:12.383000,4109.464,4108.736,2250,2250
2021-04-09 00:05:12.492000,4109.146,4108.731,2250,890
2021-04-09 00:05:12.542000,4109.152,4108.448,2250,2250
2021-04-09 00:05:15.039000,4109.467,4108.497,2710,4190
2021-04-09 00:05:15.089000,4109.458,4108.754,2250,2250
2021-04-09 00:05:15.227000,4109.146,4108.433,2250,2250
2021-04-09 00:05:15.638000,4109.467,4108.452,2710,4190
2021-04-09 00:05:15.689000,4109.458,4108.748,2250,2250
2021-04-09 00:05:30.281000,4109.146,4108.746,2250,890
2021-04-09 00:05:30.331000,4109.167,4108.499,2250,2250
2021-04-09 00:05:31.343000,4109.164,4108.731,2250,890
2021-04-09 00:05:31.393000,4109.446,4108.739,2250,2250
2021-04-09 00:05:34.047000,4109.149,4108.737,2250,890
2021-04-09 00:05:34.097000,4109.149,4108.433,2250,2250
2021-04-09 00:05:34.370000,4109.458,4108.799,2250,2250
2021-04-09 00:05:35.821000,4109.101,4108.752,2250,890
2021-04-09 00:05:35.871000,4109.146,4108.439,2250,2250
2021-04-09 00:05:36.381000,4109.452,4108.437,2710,4190
2021-04-09 00:05:36.431000,4109.449,4108.754,2250,2250
2021-04-09 00:05:38.007000,4109.167,4108.746,2250,890
2021-04-09 00:05:38.058000,4109.152,4108.439,2250,2250
2021-04-09 00:05:38.331000,4109.449,4108.799,2250,2250
2021-04-09 00:05:45.798000,4109.149,4108.749,2250,890
2021-04-09 00:05:45.849000,4109.152,4108.439,2250,2250
2021-04-09 00:05:50.285000,4108.949,4108.446,2250,890
2021-04-09 00:05:50.335000,4108.964,4108.242,2250,2250
2021-04-09 00:05:50.604000,4109.152,4108.246,2710,4190
2021-04-09 00:05:50.654000,4109.149,4108.454,2250,2250
2021-04-09 00:05:51.571000,4108.952,4108.443,2250,890
2021-04-09 00:05:51.622000,4108.967,4108.251,2250,2250
2021-04-09 00:05:51.893000,4109.164,4108.297,2710,4190
2021-04-09 00:05:51.944000,4109.158,4108.448,2250,2250
2021-04-09 00:05:52.055000,4108.949,4108.431,2250,890
2021-04-09 00:05:52.106000,4108.949,4108.251,2250,2250
2021-04-09 00:06:00.666000,4109.146,4108.252,2710,4190
2021-04-09 00:06:00.717000,4109.101,4108.439,2250,2250
2021-04-09 00:06:03.846000,4109.467,4108.452,2710,4190
2021-04-09 00:06:03.896000,4109.455,4108.733,2250,2250
2021-04-09 00:06:04.007000,4109.161,4108.749,2250,890
2021-04-09 00:06:04.057000,4109.146,4108.448,2250,2250
2021-04-09 00:06:04.971000,4109.464,4108.443,2710,4190
2021-04-09 00:06:05.021000,4109.452,4108.733,2250,2250
2021-04-09 00:06:05.293000,4109.164,4108.749,2250,890
2021-04-09 00:06:05.344000,4109.101,4108.445,2250,2250
2021-04-09 00:06:05.727000,4109.358,4108.639,2250,2250
2021-04-09 00:06:05.878000,4109.167,4108.646,2250,890
2021-04-09 00:06:05.929000,4109.152,4108.436,2250,2250
2021-04-09 00:06:15.326000,4109.455,4108.437,2710,4190
2021-04-09 00:06:15.377000,4109.449,4108.733,2250,2250
2021-04-09 00:06:15.488000,4109.164,4108.74,2250,890
2021-04-09 00:06:15.539000,4109.164,4108.445,2250,2250
2021-04-09 00:06:26.613000,4109.449,4108.437,2710,4190
2021-04-09 00:06:26.663000,4109.467,4108.799,2250,2250
2021-04-09 00:06:30.817000,4109.155,4108.74,2250,890
2021-04-09 00:06:30.867000,4109.158,4108.448,2250,2250
2021-04-09 00:06:31.144000,4109.452,4108.751,2250,2250
2021-04-09 00:06:39.987000,4109.152,4108.797,2250,890
2021-04-09 00:06:40.037000,4109.146,4108.436,2250,2250
2021-04-09 00:06:40.956000,4109.461,4108.431,2710,4190
2021-04-09 00:06:41.006000,4109.464,4108.748,2250,2250
2021-04-09 00:07:32.031000,4109.158,4108.737,2250,890
2021-04-09 00:07:32.082000,4109.158,4108.445,2250,2250
2021-04-09 00:07:33.958000,4109.401,4108.446,2710,4190
2021-04-09 00:07:34.008000,4109.458,4108.733,2250,2250
2021-04-09 00:07:48.246000,4109.161,4108.74,2250,890
2021-04-09 00:07:48.297000,4109.158,4108.442,2250,2250
2021-04-09 00:07:58.880000,4108.949,4108.431,2250,890
2021-04-09 00:07:58.930000,4108.961,4108.236,2250,2250
2021-04-09 00:07:59.036000,4108.964,4108.449,2250,890
2021-04-09 00:07:59.087000,4109.155,4108.445,2250,2250
2021-04-09 00:07:59.565000,4109.452,4108.431,2710,4190
2021-04-09 00:07:59.616000,4109.461,4108.736,2250,2250
2021-04-09 00:07:59.736000,4109.161,4108.734,2250,890
2021-04-09 00:07:59.786000,4109.158,4108.454,2250,2250
2021-04-09 00:08:09.254000,4108.946,4108.443,2250,890
2021-04-09 00:08:09.304000,4108.958,4108.245,2250,2250
2021-04-09 00:08:09.414000,4109.155,4108.237,2710,4190
2021-04-09 00:08:09.464000,4109.152,4108.451,2250,2250
2021-04-09 00:08:19.702000,4108.949,4108.449,2250,890
2021-04-09 00:08:19.752000,4108.901,4108.236,2250,2250
2021-04-09 00:08:44.767000,4109.149,4108.231,2710,4190
2021-04-09 00:08:44.817000,4109.146,4108.448,2250,2250
2021-04-09 00:09:05.780000,4108.967,4108.254,2250,2250
2021-04-09 00:09:11.000000,4109.146,4108.237,2710,4190
2021-04-09 00:09:11.050000,4109.101,4108.499,2250,2250
2021-04-09 00:09:15.502000,4108.955,4108.449,2250,890
2021-04-09 00:09:15.553000,4108.958,4108.254,2250,2250
2021-04-09 00:09:16.538000,4109.152,4108.249,2710,4190
2021-04-09 00:09:16.588000,4109.155,4108.436,2250,2250
2021-04-09 00:09:20.804000,4109.067,4108.437,2250,890
2021-04-09 00:09:20.854000,4109.061,4108.351,2250,2250
2021-04-09 00:09:20.963000,4108.961,4108.346,2250,890
2021-04-09 00:09:21.013000,4108.964,4108.254,2250,2250
2021-04-09 00:09:21.488000,4109.149,4108.237,2710,4190
2021-04-09 00:09:21.538000,4109.149,4108.442,2250,2250
2021-04-09 00:09:27.142000,4109.149,4108.234,2710,4190
2021-04-09 00:09:27.192000,4108.955,4108.239,2250,2250
2021-04-09 00:09:27.399000,4109.155,4108.249,2710,4190
2021-04-09 00:09:27.449000,4109.149,4108.439,2250,2250
2021-04-09 00:09:32.997000,4109.158,4108.249,2710,4190
2021-04-09 00:09:33.047000,4108.961,4108.248,2250,2250
2021-04-09 00:09:33.802000,4109.146,4108.252,2710,4190
2021-04-09 00:09:33.852000,4109.167,4108.454,2250,2250
2021-04-09 00:09:34.294000,4108.961,4108.434,2250,890
2021-04-09 00:09:34.344000,4108.949,4108.254,2250,2250
2021-04-09 00:09:48.101000,4109.155,4108.297,2710,4190
2021-04-09 00:09:48.151000,4109.152,4108.451,2250,2250
2021-04-09 00:10:08.244000,4109.452,4108.452,2710,4190
2021-04-09 00:10:08.294000,4109.452,4108.751,2250,2250
2021-04-09 00:10:11.765000,4109.161,4108.746,2250,890
2021-04-09 00:10:11.815000,4109.146,4108.433,2250,2250
2021-04-09 00:10:14.193000,4109.449,4108.739,2250,2250
2021-04-09 00:10:49.051000,4109.158,4108.731,2250,890
2021-04-09 00:10:49.102000,4109.164,4108.442,2250,2250
2021-04-09 00:11:05.133000,4109.461,4108.434,2710,4190
2021-04-09 00:11:05.183000,4109.467,4108.799,2250,2250
2021-04-09 00:12:08.327000,4109.155,4108.74,2250,890
2021-04-09 00:12:08.377000,4109.149,4108.439,2250,2250
2021-04-09 00:12:28.363000,4108.952,4108.452,2250,890
2021-04-09 00:12:28.413000,4108.961,4108.245,2250,2250
2021-04-09 00:12:42.875000,4109.146,4108.249,2710,4190
2021-04-09 00:12:42.926000,4109.167,4108.442,2250,2250
2021-04-09 00:12:53.910000,4108.952,4108.431,2250,890
2021-04-09 00:12:53.960000,4108.901,4108.236,2250,2250
2021-04-09 00:13:02.594000,4109.164,4108.246,2710,4190
2021-04-09 00:13:02.645000,4109.155,4108.448,2250,2250
2021-04-09 00:13:05.324000,4108.955,4108.299,2250,2250
2021-04-09 00:13:32.399000,4108.655,4107.945,2250,2250
2021-04-09 00:13:45.710000,4108.901,4107.937,2710,4190
2021-04-09 00:13:45.760000,4108.946,4108.242,2250,2250
2021-04-09 00:13:46.033000,4108.658,4108.237,2250,890
2021-04-09 00:13:46.083000,4108.664,4107.948,2250,2250
2021-04-09 00:13:51.083000,4108.961,4107.931,2710,4190
2021-04-09 00:13:51.134000,4108.949,4108.236,2250,2250
2021-04-09 00:13:58.498000,4108.652,4107.933,2250,2250
2021-04-09 00:14:05.571000,4108.949,4107.937,2710,4190
2021-04-09 00:14:05.621000,4108.949,4108.251,2250,2250
2021-04-09 00:14:06.780000,4108.649,4108.297,2250,890
2021-04-09 00:14:06.830000,4108.655,4107.936,2250,2250
2021-04-09 00:14:08.241000,4108.949,4107.934,2710,4190
2021-04-09 00:14:08.292000,4108.952,4108.242,2250,2250
2021-04-09 00:14:14.366000,4109.164,4108.249,2710,4190
2021-04-09 00:14:14.417000,4109.152,4108.448,2250,2250
2021-04-09 00:14:33.310000,4109.455,4108.443,2710,4190
2021-04-09 00:14:33.360000,4109.446,4108.748,2250,2250
2021-04-09 00:14:35.344000,4109.101,4108.737,2250,890
2021-04-09 00:14:35.395000,4109.152,4108.451,2250,2250
2021-04-09 00:14:42.250000,4109.461,4108.452,2710,4190
2021-04-09 00:14:42.300000,4109.446,4108.733,2250,2250
2021-04-09 00:14:43.751000,4109.467,4108.437,2710,4190
2021-04-09 00:14:43.802000,4109.152,4108.451,2250,2250
2021-04-09 00:14:44.826000,4109.458,4108.497,2710,4190
2021-04-09 00:14:44.876000,4109.458,4108.733,2250,2250
2021-04-09 00:14:49.681000,4109.346,4108.737,2250,890
2021-04-09 00:14:49.732000,4109.352,4108.636,2250,2250
2021-04-09 00:14:49.842000,4109.458,4108.646,2710,4190
2021-04-09 00:14:49.892000,4109.458,4108.739,2250,2250
2021-04-09 00:14:54.621000,4109.164,4108.433,2250,2250
2021-04-09 00:14:55.610000,4109.401,4108.748,2250,2250
2021-04-09 00:14:55.744000,4109.167,4108.737,2250,890
2021-04-09 00:14:55.794000,4109.146,4108.436,2250,2250
2021-04-09 00:15:15.940000,4109.358,4108.431,2710,4190
2021-04-09 00:15:15.990000,4109.349,4108.651,2250,2250
2021-04-09 00:15:16.104000,4109.155,4108.64,2250,890
2021-04-09 00:15:16.155000,4109.161,4108.445,2250,2250
2021-04-09 00:15:20.039000,4109.464,4108.748,2250,2250
2021-04-09 00:15:20.699000,4109.101,4108.499,2250,2250
2021-04-09 00:15:22.719000,4109.401,4108.434,2710,4190
2021-04-09 00:15:22.769000,4109.455,4108.751,2250,2250
2021-04-09 00:15:23.357000,4109.167,4108.74,2250,890
2021-04-09 00:15:23.407000,4109.167,4108.436,2250,2250
2021-04-09 00:15:31.158000,4108.958,4108.434,2250,890
2021-04-09 00:15:31.209000,4108.964,4108.242,2250,2250
2021-04-09 00:15:43.804000,4109.158,4108.433,2250,2250
2021-04-09 00:15:44.614000,4108.961,4108.431,2250,890
2021-04-09 00:15:44.665000,4108.949,4108.245,2250,2250
2021-04-09 00:15:44.794000,4109.061,4108.399,2250,2250
2021-04-09 00:15:45.142000,4109.158,4108.337,2710,4190
2021-04-09 00:15:45.192000,4109.158,4108.499,2250,2250
2021-04-09 00:15:45.462000,4108.964,4108.437,2250,890
2021-04-09 00:15:45.513000,4108.955,4108.299,2250,2250
2021-04-09 00:15:53.470000,4109.152,4108.297,2710,4190
2021-04-09 00:15:53.521000,4109.167,4108.454,2250,2250
2021-04-09 00:16:02.539000,4109.461,4108.44,2710,4190
2021-04-09 00:16:02.589000,4109.467,4108.754,2250,2250
2021-04-09 00:16:03.123000,4109.152,4108.737,2250,890
2021-04-09 00:16:03.174000,4109.164,4108.448,2250,2250
2021-04-09 00:16:03.286000,4109.461,4108.497,2710,4190
2021-04-09 00:16:03.336000,4109.452,4108.736,2250,2250
2021-04-09 00:16:03.447000,4109.164,4108.74,2250,890
2021-04-09 00:16:03.498000,4109.146,4108.439,2250,2250
2021-04-09 00:16:03.611000,4109.449,4108.446,2710,4190
2021-04-09 00:16:03.661000,4109.401,4108.739,2250,2250
2021-04-09 00:16:05.201000,4109.146,4108.737,2250,890
2021-04-09 00:16:05.252000,4109.167,4108.448,2250,2250
2021-04-09 00:16:07.064000,4109.461,4108.434,2710,4190
2021-04-09 00:16:07.114000,4109.452,4108.799,2250,2250
2021-04-09 00:16:08.908000,4109.101,4108.752,2250,890
2021-04-09 00:16:08.959000,4109.158,4108.442,2250,2250
2021-04-09 00:16:09.782000,4109.452,4108.497,2710,4190
2021-04-09 00:16:09.832000,4109.467,4108.742,2250,2250
2021-04-09 00:16:09.944000,4109.167,4108.797,2250,890
2021-04-09 00:16:09.994000,4109.164,4108.439,2250,2250
2021-04-09 00:16:11.148000,4109.358,4108.449,2710,4190
2021-04-09 00:16:11.198000,4109.352,4108.651,2250,2250
2021-04-09 00:16:11.385000,4109.155,4108.637,2250,890
2021-04-09 00:16:11.435000,4109.149,4108.499,2250,2250
2021-04-09 00:16:11.707000,4109.361,4108.437,2710,4190
2021-04-09 00:16:11.758000,4109.358,4108.636,2250,2250
2021-04-09 00:16:12.030000,4109.167,4108.637,2250,890
2021-04-09 00:16:12.081000,4109.146,4108.451,2250,2250
2021-04-09 00:16:19.959000,4109.458,4108.44,2710,4190
2021-04-09 00:16:20.009000,4109.467,4108.751,2250,2250
2021-04-09 00:16:22.942000,4109.101,4108.737,2250,890
2021-04-09 00:16:22.992000,4109.167,4108.454,2250,2250
2021-04-09 00:16:30.460000,4109.458,4108.452,2710,4190
2021-04-09 00:16:30.511000,4109.467,4108.751,2250,2250
2021-04-09 00:16:43.359000,4109.167,4108.749,2250,890
2021-04-09 00:16:43.409000,4109.149,4108.439,2250,2250
2021-04-09 00:16:45.264000,4109.452,4108.449,2710,4190
2021-04-09 00:16:45.315000,4109.467,4108.739,2250,2250
2021-04-09 00:16:45.895000,4109.101,4108.749,2250,890
2021-04-09 00:16:45.945000,4109.161,4108.439,2250,2250
2021-04-09 00:16:51.144000,4109.467,4108.745,2250,2250
2021-04-09 00:17:12.199000,4109.158,4108.746,2250,890
2021-04-09 00:17:12.249000,4109.158,4108.451,2250,2250
2021-04-09 00:17:16.591000,4109.455,4108.449,2710,4190
2021-04-09 00:17:16.642000,4109.467,4108.799,2250,2250
2021-04-09 00:17:30.450000,4109.152,4108.731,2250,890
2021-04-09 00:17:30.500000,4109.161,4108.451,2250,2250
2021-04-09 00:17:38.346000,4108.955,4108.236,2250,2250
2021-04-09 00:17:45.083000,4108.649,4108.231,2250,890
2021-04-09 00:17:45.133000,4108.652,4107.942,2250,2250
2021-04-09 00:18:08.014000,4108.946,4107.943,2710,4190
2021-04-09 00:18:08.064000,4108.949,4108.239,2250,2250
2021-04-09 00:18:54.531000,4109.149,4108.231,2710,4190
2021-04-09 00:18:54.581000,4109.158,4108.442,2250,2250
2021-04-09 00:19:13.328000,4109.449,4108.745,2250,2250
2021-04-09 00:19:23.126000,4109.601,4108.749,2710,4190
2021-04-09 00:19:23.176000,4109.655,4108.951,2250,2250
2021-04-09 00:19:23.227000,4110.149,4109.454,2250,2250
2021-04-09 00:19:23.580000,4110.449,4109.931,2250,890
2021-04-09 00:19:23.631000,4110.455,4109.745,2250,2250
2021-04-09 00:19:23.740000,4110.458,4109.934,2250,890
2021-04-09 00:19:23.790000,4110.655,4109.954,2250,2250
2021-04-09 00:19:23.902000,4110.467,4109.946,2250,890
2021-04-09 00:19:23.953000,4110.452,4109.799,2250,2250
2021-04-09 00:19:33.178000,4110.152,4109.749,2250,890
2021-04-09 00:19:33.228000,4110.155,4109.436,2250,2250
2021-04-09 00:19:36.483000,4109.964,4109.446,2250,890
2021-04-09 00:19:36.533000,4109.961,4109.242,2250,2250
2021-04-09 00:19:56.034000,4110.164,4109.231,2710,4190
2021-04-09 00:19:56.084000,4110.158,4109.451,2250,2250
2021-04-09 00:19:56.532000,4110.164,4109.237,2710,4190
2021-04-09 00:19:56.582000,4109.964,4109.236,2250,2250
2021-04-09 00:20:04.264000,4109.655,4109.246,2250,890
2021-04-09 00:20:04.314000,4109.658,4108.936,2250,2250
2021-04-09 00:20:06.406000,4109.561,4108.934,2250,890
2021-04-09 00:20:06.457000,4109.501,4108.845,2250,2250
2021-04-09 00:20:06.569000,4109.646,4108.846,2710,4190
2021-04-09 00:20:06.620000,4109.646,4108.945,2250,2250
2021-04-09 00:20:07.207000,4109.452,4108.931,2250,890
2021-04-09 00:20:07.257000,4109.452,4108.799,2250,2250
2021-04-09 00:20:07.370000,4109.661,4108.749,2710,4190
2021-04-09 00:20:07.420000,4109.655,4108.936,2250,2250
2021-04-09 00:20:07.800000,4109.458,4108.952,2250,890
2021-04-09 00:20:07.851000,4109.446,4108.751,2250,2250
2021-04-09 00:20:08.609000,4109.646,4108.734,2710,4190
2021-04-09 00:20:08.660000,4109.646,4108.999,2250,2250
2021-04-09 00:20:09.742000,4109.449,4108.937,2250,890
2021-04-09 00:20:09.792000,4109.458,4108.745,2250,2250
2021-04-09 00:20:09.904000,4109.549,4108.749,2710,4190
2021-04-09 00:20:09.954000,4109.501,4108.845,2250,2250
2021-04-09 00:20:10.065000,4109.646,4108.84,2710,4190
2021-04-09 00:20:10.116000,4109.649,4108.936,2250,2250
2021-04-09 00:20:16.591000,4109.464,4108.745,2250,2250
2021-04-09 00:20:26.973000,4109.601,4108.749,2710,4190
2021-04-09 00:20:27.023000,4109.661,4108.933,2250,2250
2021-04-09 00:20:27.152000,4109.452,4108.736,2250,2250
2021-04-09 00:20:40.357000,4109.149,4108.451,2250,2250
2021-04-09 00:20:46.963000,4108.952,4108.254,2250,2250
2021-04-09 00:20:51.323000,4109.152,4108.246,2710,4190
2021-04-09 00:20:51.373000,4109.161,4108.448,2250,2250
2021-04-09 00:20:51.483000,4108.952,4108.437,2250,890
2021-04-09 00:20:51.534000,4108.961,4108.254,2250,2250
2021-04-09 00:21:01.258000,4109.152,4108.246,2710,4190
2021-04-09 00:21:01.308000,4109.101,4108.439,2250,2250
2021-04-09 00:21:10.902000,4108.952,4108.452,2250,890
2021-04-09 00:21:10.952000,4108.961,4108.233,2250,2250
2021-04-09 00:21:15.778000,4109.149,4108.249,2710,4190
2021-04-09 00:21:15.828000,4109.152,4108.433,2250,2250
2021-04-09 00:21:27.072000,4108.901,4108.452,2250,890
2021-04-09 00:21:27.122000,4108.946,4108.299,2250,2250
2021-04-09 00:21:35.232000,4109.152,4108.243,2710,4190
2021-04-09 00:21:35.285000,4109.158,4108.454,2250,2250
2021-04-09 00:21:37.150000,4108.949,4108.497,2250,890
2021-04-09 00:21:37.201000,4108.958,4108.233,2250,2250
2021-04-09 00:21:45.116000,4109.146,4108.231,2710,4190
2021-04-09 00:21:45.167000,4109.161,4108.448,2250,2250
2021-04-09 00:21:51.089000,4108.964,4108.443,2250,890
2021-04-09 00:21:51.139000,4108.901,4108.245,2250,2250
2021-04-09 00:21:53.651000,4109.101,4108.448,2250,2250
2021-04-09 00:21:54.641000,4108.952,4108.299,2250,2250
2021-04-09 00:21:55.180000,4109.101,4108.237,2710,4190
2021-04-09 00:21:55.231000,4109.149,4108.499,2250,2250
2021-04-09 00:21:55.631000,4108.949,4108.245,2250,2250
2021-04-09 00:22:01.163000,4108.667,4108.252,2250,890
2021-04-09 00:22:01.213000,4108.667,4107.933,2250,2250
2021-04-09 00:22:02.696000,4108.949,4107.946,2710,4190
2021-04-09 00:22:02.746000,4108.955,4108.245,2250,2250
2021-04-09 00:22:29.300000,4109.158,4108.439,2250,2250
2021-04-09 00:22:29.427000,4109.155,4108.237,2710,4190
2021-04-09 00:22:29.477000,4108.901,4108.299,2250,2250
2021-04-09 00:22:51.418000,4109.101,4108.451,2250,2250
2021-04-09 00:22:51.921000,4108.961,4108.437,2250,890
2021-04-09 00:22:51.972000,4108.946,4108.248,2250,2250
2021-04-09 00:23:05.803000,4108.852,4108.234,2250,890
2021-04-09 00:23:05.853000,4108.852,4108.151,2250,2250
2021-04-09 00:23:06.278000,4108.964,4108.248,2250,2250
2021-04-09 00:23:07.997000,4108.601,4108.234,2250,890
2021-04-09 00:23:08.047000,4108.646,4107.933,2250,2250
2021-04-09 00:23:08.615000,4108.946,4107.946,2710,4190
2021-04-09 00:23:08.665000,4108.946,4108.251,2250,2250
2021-04-09 00:23:08.774000,4108.861,4108.246,2250,890
2021-04-09 00:23:08.824000,4108.852,4108.145,2250,2250
2021-04-09 00:23:08.935000,4108.961,4108.131,2710,4190
2021-04-09 00:23:08.985000,4108.946,4108.233,2250,2250
2021-04-09 00:23:09.307000,4108.864,4108.231,2250,890
2021-04-09 00:23:09.357000,4108.846,4108.142,2250,2250
2021-04-09 00:23:10.178000,4108.958,4108.134,2710,4190
2021-04-09 00:23:10.228000,4108.946,4108.236,2250,2250
2021-04-09 00:23:11.911000,4108.667,4107.999,2250,2250
2021-04-09 00:23:25.905000,4108.449,4107.997,2250,890
2021-04-09 00:23:25.956000,4108.461,4107.736,2250,2250
2021-04-09 00:23:37.330000,4108.652,4107.939,2250,2250
2021-04-09 00:23:54.036000,4108.967,4107.94,2710,4190
2021-04-09 00:23:54.087000,4108.961,4108.242,2250,2250
2021-04-09 00:24:00.508000,4108.661,4108.252,2250,890
2021-04-09 00:24:00.559000,4108.652,4107.954,2250,2250
2021-04-09 00:24:03.876000,4108.964,4108.242,2250,2250
2021-04-09 00:24:09.113000,4108.667,4108.252,2250,890
2021-04-09 00:24:09.163000,4108.652,4107.951,2250,2250
2021-04-09 00:24:11.467000,4108.955,4107.997,2710,4190
2021-04-09 00:24:11.518000,4108.946,4108.239,2250,2250
2021-04-09 00:24:44.156000,4108.961,4107.997,2710,4190
2021-04-09 00:24:44.207000,4108.601,4107.999,2250,2250
2021-04-09 00:25:17.820000,4108.852,4107.952,2710,4190
2021-04-09 00:25:17.871000,4108.849,4108.142,2250,2250
2021-04-09 00:25:18.602000,4108.955,4108.146,2710,4190
2021-04-09 00:25:18.653000,4108.949,4108.239,2250,2250
2021-04-09 00:25:41.628000,4108.661,4108.243,2250,890
2021-04-09 00:25:41.678000,4108.646,4107.939,2250,2250
2021-04-09 00:25:46.238000,4108.952,4107.997,2710,4190
2021-04-09 00:25:46.289000,4108.964,4108.251,2250,2250
2021-04-09 00:26:55.959000,4109.155,4108.231,2710,4190
2021-04-09 00:26:56.010000,4109.155,4108.439,2250,2250
2021-04-09 00:27:12.669000,4109.464,4108.443,2710,4190
2021-04-09 00:27:12.720000,4109.464,4108.742,2250,2250
2021-04-09 00:27:16.205000,4109.155,4108.734,2250,890
2021-04-09 00:27:16.257000,4109.146,4108.436,2250,2250
2021-04-09 00:27:29.907000,4109.055,4108.449,2250,890
2021-04-09 00:27:29.958000,4109.064,4108.399,2250,2250
2021-04-09 00:27:31.444000,4108.961,4108.236,2250,2250
2021-04-09 00:27:38.186000,4108.652,4108.24,2250,890
2021-04-09 00:27:38.236000,4108.664,4107.951,2250,2250
2021-04-09 00:28:16.891000,4108.461,4107.946,2250,890
2021-04-09 00:28:16.941000,4108.467,4107.751,2250,2250
2021-04-09 00:28:17.213000,4108.501,4107.731,2710,4190
2021-04-09 00:28:17.263000,4108.501,4107.848,2250,2250
2021-04-09 00:28:17.535000,4108.464,4107.837,2250,890
2021-04-09 00:28:17.585000,4108.446,4107.748,2250,2250
2021-04-09 00:28:18.812000,4108.652,4107.737,2710,4190
2021-04-09 00:28:18.862000,4108.652,4107.951,2250,2250
2021-04-09 00:28:21.255000,4108.564,4107.94,2250,890
2021-04-09 00:28:21.305000,4108.561,4107.854,2250,2250
2021-04-09 00:28:21.419000,4108.652,4107.846,2710,4190
2021-04-09 00:28:21.469000,4108.601,4107.939,2250,2250
2021-04-09 00:28:21.741000,4108.546,4107.931,2250,890
2021-04-09 00:28:21.791000,4108.549,4107.833,2250,2250
2021-04-09 00:28:23.639000,4108.452,4107.84,2250,890
2021-04-09 00:28:23.690000,4108.449,4107.748,2250,2250
2021-04-09 00:28:25.547000,4108.555,4107.734,2710,4190
2021-04-09 00:28:25.597000,4108.561,4107.836,2250,2250
2021-04-09 00:28:25.708000,4108.652,4107.846,2710,4190
2021-04-09 00:28:25.759000,4108.649,4107.951,2250,2250
2021-04-09 00:28:25.867000,4108.446,4107.952,2250,890
2021-04-09 00:28:25.917000,4108.446,4107.754,2250,2250
2021-04-09 00:28:37.393000,4108.667,4107.731,2710,4190
2021-04-09 00:28:37.444000,4108.658,4107.942,2250,2250
2021-04-09 00:29:39.962000,4108.458,4107.931,2250,890
2021-04-09 00:29:40.013000,4108.467,4107.739,2250,2250
2021-04-09 00:29:41.094000,4108.552,4107.743,2710,4190
2021-04-09 00:29:41.144000,4108.555,4107.848,2250,2250
2021-04-09 00:29:41.308000,4108.661,4107.849,2710,4190
2021-04-09 00:29:41.362000,4108.649,4107.942,2250,2250
2021-04-09 00:30:05.141000,4108.958,4107.931,2710,4190
2021-04-09 00:30:05.191000,4108.967,4108.248,2250,2250
2021-04-09 00:30:12.535000,4108.646,4108.243,2250,890
2021-04-09 00:30:12.585000,4108.658,4107.936,2250,2250
2021-04-09 00:30:18.098000,4108.455,4107.931,2250,890
2021-04-09 00:30:18.148000,4108.452,4107.742,2250,2250
2021-04-09 00:30:19.894000,4108.655,4107.942,2250,2250
2021-04-09 00:30:29.598000,4108.449,4107.94,2250,890
2021-04-09 00:30:29.649000,4108.458,4107.736,2250,2250
2021-04-09 00:30:33.169000,4108.661,4107.74,2710,4190
2021-04-09 00:30:33.220000,4108.661,4107.936,2250,2250
2021-04-09 00:31:19.418000,4108.667,4108.231,2250,890
2021-04-09 00:31:19.469000,4108.967,4108.254,2250,2250
2021-04-09 00:31:45.922000,4109.164,4108.448,2250,2250
2021-04-09 00:32:20.164000,4109.452,4108.497,2710,4190
2021-04-09 00:32:20.214000,4109.464,4108.742,2250,2250
2021-04-09 00:32:32.600000,4109.152,4108.752,2250,890
2021-04-09 00:32:32.651000,4109.155,4108.451,2250,2250
2021-04-09 00:32:35.354000,4109.461,4108.443,2710,4190
2021-04-09 00:32:35.405000,4109.449,4108.733,2250,2250
2021-04-09 00:32:35.838000,4109.152,4108.737,2250,890
2021-04-09 00:32:35.888000,4109.149,4108.442,2250,2250
2021-04-09 00:32:37.661000,4109.446,4108.449,2710,4190
2021-04-09 00:32:37.711000,4109.467,4108.748,2250,2250
2021-04-09 00:32:45.886000,4109.152,4108.743,2250,890
2021-04-09 00:32:45.937000,4109.146,4108.454,2250,2250
2021-04-09 00:32:50.559000,4108.961,4108.434,2250,890
2021-04-09 00:32:50.609000,4108.949,4108.242,2250,2250
2021-04-09 00:32:51.522000,4109.152,4108.243,2710,4190
2021-04-09 00:32:51.572000,4109.158,4108.433,2250,2250
2021-04-09 00:33:04.556000,4109.467,4108.446,2710,4190
2021-04-09 00:33:04.607000,4109.449,4108.799,2250,2250
2021-04-09 00:33:10.257000,4109.961,4108.749,2710,4190
2021-04-09 00:33:10.307000,4109.961,4109.242,2250,2250
2021-04-09 00:33:14.767000,4110.164,4109.433,2250,2250
2021-04-09 00:33:26.366000,4110.364,4109.437,2710,4190
2021-04-09 00:33:26.416000,4110.301,4109.633,2250,2250
2021-04-09 00:33:26.525000,4110.158,4109.697,2250,890
2021-04-09 00:33:26.575000,4110.155,4109.451,2250,2250
2021-04-09 00:33:27.319000,4110.664,4109.446,2710,4190
2021-04-09 00:33:27.370000,4110.667,4109.942,2250,2250
2021-04-09 00:33:29.768000,4110.955,4109.943,2710,4190
2021-04-09 00:33:29.818000,4110.961,4110.245,2250,2250
2021-04-09 00:33:31.473000,4110.667,4110.243,2250,890
2021-04-09 00:33:31.524000,4110.661,4109.936,2250,2250
2021-04-09 00:33:36.012000,4110.446,4109.733,2250,2250
2021-04-09 00:33:37.426000,4110.667,4109.737,2710,4190
2021-04-09 00:33:37.476000,4110.658,4109.939,2250,2250
2021-04-09 00:33:43.035000,4110.452,4109.943,2250,890
2021-04-09 00:33:43.085000,4110.467,4109.739,2250,2250
2021-04-09 00:33:43.605000,4110.501,4109.854,2250,2250
2021-04-09 00:33:43.720000,4110.461,4109.846,2250,890
2021-04-09 00:33:43.770000,4110.467,4109.754,2250,2250
2021-04-09 00:33:44.049000,4110.652,4109.74,2710,4190
2021-04-09 00:33:44.099000,4110.601,4109.936,2250,2250
2021-04-09 00:33:44.926000,4110.446,4109.952,2250,890
2021-04-09 00:33:44.977000,4110.461,4109.733,2250,2250
2021-04-09 00:33:45.257000,4110.661,4109.933,2250,2250
2021-04-09 00:33:45.654000,4110.452,4109.943,2250,890
2021-04-09 00:33:45.704000,4110.452,4109.739,2250,2250
2021-04-09 00:33:53.841000,4110.646,4109.951,2250,2250
2021-04-09 00:34:02.754000,4110.958,4110.236,2250,2250
2021-04-09 00:34:02.904000,4111.0,4110.297,1,4190
2021-04-09 00:34:02.954000,4111.0,4110.442,1,2250
2021-04-09 00:34:07.044000,4111.0,4110.654,1,2250
2021-04-09 00:34:07.203000,4111.0,4110.649,1,890
2021-04-09 00:34:07.324000,4111.0,4110.448,1,2250
2021-04-09 00:34:07.375000,4111.0,4110.754,1,2250
2021-04-09 00:34:08.562000,4111.0,4110.74,1,890
2021-04-09 00:34:08.663000,4111.0,4110.445,1,2250
2021-04-09 00:34:08.721000,4111.0,4110.452,1,4190
2021-04-09 00:34:10.169000,4111.0,4110.737,1,890
2021-04-09 00:34:10.220000,4111.0,4110.433,1,2250
2021-04-09 00:34:13.237000,4111.0,4110.434,1,4190
2021-04-09 00:34:15.664000,4111.0,4110.746,1,4190
2021-04-09 00:34:21.629000,4111.0,4110.943,1,890
2021-04-09 00:34:21.848000,4111.0,4110.739,1,2250
2021-04-09 00:34:34.011000,4111.0,4110.743,1,890
2021-04-09 00:34:34.111000,4111.0,4110.499,1,2250
2021-04-09 00:34:40.722000,4111.0,4110.443,1,4190
2021-04-09 00:34:52.434000,4111.0,4110.743,1,890
2021-04-09 00:34:52.546000,4111.0,4110.448,1,2250
2021-04-09 00:34:56.793000,4111.0,4110.434,1,4190
2021-04-09 00:35:01.621000,4111.0,4110.439,1,2250
2021-04-09 00:35:01.766000,4111.0,4110.452,1,4190
2021-04-09 00:35:02.281000,4111.0,4110.433,1,2250
2021-04-09 00:35:03.518000,4111.0,4110.446,1,4190
2021-04-09 00:35:05.331000,4111.0,4110.746,1,890
2021-04-09 00:35:05.532000,4111.0,4110.439,1,2250
2021-04-09 00:35:05.915000,4111.0,4110.431,1,4190
2021-04-09 00:35:07.562000,4111.0,4110.442,1,2250
2021-04-09 00:35:22.137000,4110.946,4110.443,2250,890
2021-04-09 00:35:22.187000,4110.967,4110.245,2250,2250
2021-04-09 00:35:29.502000,4110.801,4110.237,2250,890
2021-04-09 00:35:29.553000,4110.855,4110.151,2250,2250
2021-04-09 00:35:29.682000,4110.958,4110.251,2250,2250
2021-04-09 00:35:40.904000,4110.658,4109.948,2250,2250
2021-04-09 00:36:00.459000,4110.958,4109.937,2710,4190
2021-04-09 00:36:00.509000,4110.967,4110.251,2250,2250
2021-04-09 00:36:00.622000,4110.652,4110.231,2250,890
2021-04-09 00:36:00.672000,4110.646,4109.936,2250,2250
2021-04-09 00:36:02.982000,4110.652,4110.252,2250,890
2021-04-09 00:36:03.033000,4110.961,4110.299,2250,2250
2021-04-09 00:36:06.454000,4110.646,4110.246,2250,890
2021-04-09 00:36:06.504000,4110.601,4109.999,2250,2250
2021-04-09 00:36:08.118000,4110.958,4109.934,2710,4190
2021-04-09 00:36:08.169000,4110.901,4110.239,2250,2250
2021-04-09 00:36:09.070000,4110.652,4110.246,2250,890
2021-04-09 00:36:09.121000,4110.652,4109.948,2250,2250
2021-04-09 00:36:09.387000,4110.861,4109.937,2710,4190
2021-04-09 00:36:09.437000,4110.855,4110.148,2250,2250
2021-04-09 00:36:09.855000,4110.946,4110.134,2710,4190
2021-04-09 00:36:09.906000,4110.901,4110.245,2250,2250
2021-04-09 00:36:15.596000,4110.946,4109.997,2710,4190
2021-04-09 00:36:15.646000,4110.658,4109.951,2250,2250
2021-04-09 00:36:28.357000,4110.467,4109.934,2250,890
2021-04-09 00:36:28.407000,4110.455,4109.748,2250,2250
2021-04-09 00:36:29.534000,4110.667,4109.797,2710,4190
2021-04-09 00:36:29.584000,4110.655,4109.936,2250,2250
2021-04-09 00:36:47.726000,4110.455,4109.952,2250,890
2021-04-09 00:36:47.777000,4110.461,4109.742,2250,2250
2021-04-09 00:36:47.892000,4110.646,4109.734,2710,4190
2021-04-09 00:36:47.942000,4110.601,4109.945,2250,2250
2021-04-09 00:37:19.145000,4110.467,4109.952,2250,890
2021-04-09 00:37:19.195000,4110.467,4109.754,2250,2250
2021-04-09 00:37:29.932000,4110.601,4109.933,2250,2250
2021-04-09 00:38:01.104000,4110.946,4109.937,2710,4190
2021-04-09 00:38:01.155000,4110.955,4110.254,2250,2250
2021-04-09 00:38:01.284000,4110.658,4109.948,2250,2250
2021-04-09 00:38:03.729000,4110.961,4110.299,2250,2250
2021-04-09 00:38:15.665000,4110.958,4110.431,2250,890
2021-04-09 00:38:15.715000,4111.0,4110.448,1,2250
2021-04-09 00:38:23.068000,4111.0,4110.751,1,2250
2021-04-09 00:38:43.786000,4111.0,4110.74,1,4190
2021-04-09 00:38:58.847000,4111.0,4110.997,1,890
2021-04-09 00:38:58.898000,4111.0,4110.854,1,2250
2021-04-09 00:38:59.378000,4111.0,4110.897,1,4190
2021-04-09 00:39:00.022000,4111.0,4110.751,1,2250
2021-04-09 00:39:00.181000,4111.0,4110.737,1,4190
2021-04-09 00:39:00.505000,4111.0,4110.934,1,890
2021-04-09 00:39:00.749000,4111.0,4110.851,1,2250
2021-04-09 00:39:01.072000,4111.0,4110.846,1,890
2021-04-09 00:39:01.408000,4111.0,4110.739,1,2250
2021-04-09 00:39:02.670000,4111.0,4110.74,1,4190
2021-04-09 00:39:02.830000,4111.0,4110.948,1,2250
2021-04-09 00:39:05.553000,4111.0,4110.742,1,2250
2021-04-09 00:39:53.363000,4111.0,4110.833,1,2250
2021-04-09 00:39:55.344000,4111.0,4110.751,1,2250
2021-04-09 00:40:03.983000,4111.0,4110.74,1,4190
2021-04-09 00:40:21.291000,4111.0,4110.949,1,890
2021-04-09 00:40:21.392000,4111.0,4110.739,1,2250
2021-04-09 00:40:51.043000,4111.0,4110.731,1,890
2021-04-09 00:40:51.201000,4111.0,4110.433,1,2250
2021-04-09 00:41:02.534000,4111.0,4110.44,1,4190
2021-04-09 00:41:09.150000,4111.0,4110.797,1,890
2021-04-09 00:41:09.353000,4111.0,4110.433,1,2250
2021-04-09 00:41:13.610000,4111.0,4110.434,1,4190
2021-04-09 00:41:20.065000,4111.0,4110.734,1,890
2021-04-09 00:41:20.245000,4111.0,4110.445,1,2250
2021-04-09 00:41:38.218000,4110.901,4110.437,2250,890
2021-04-09 00:41:38.269000,4110.901,4110.239,2250,2250
2021-04-09 00:41:39.004000,4111.0,4110.237,1,4190
2021-04-09 00:41:39.055000,4111.0,4110.433,1,2250
2021-04-09 00:41:44.824000,4111.0,4110.431,1,4190
2021-04-09 00:41:45.206000,4111.0,4110.743,1,890
2021-04-09 00:41:45.257000,4111.0,4110.651,1,2250
2021-04-09 00:41:45.649000,4111.0,4110.649,1,890
2021-04-09 00:41:45.700000,4111.0,4110.436,1,2250
2021-04-09 00:41:45.808000,4111.0,4110.446,1,4190
2021-04-09 00:41:46.797000,4111.0,4110.64,1,4190
2021-04-09 00:41:47.281000,4111.0,4110.731,1,890
2021-04-09 00:41:47.645000,4111.0,4110.651,1,2250
2021-04-09 00:41:48.355000,4111.0,4110.748,1,2250
2021-04-09 00:41:48.478000,4111.0,4110.734,1,890
2021-04-09 00:41:48.635000,4111.0,4110.642,1,2250
2021-04-09 00:41:49.016000,4111.0,4110.745,1,2250
2021-04-09 00:41:50.996000,4111.0,4110.942,1,2250
2021-04-09 00:41:53.019000,4111.0,4110.937,1,890
2021-04-09 00:41:53.177000,4111.0,4110.84,1,890
2021-04-09 00:41:53.228000,4111.0,4110.733,1,2250
2021-04-09 00:41:54.046000,4111.0,4110.74,1,4190
2021-04-09 00:42:11.899000,4111.949,4110.943,3610,4190
2021-04-09 00:42:12.069000,4111.958,4111.233,2250,2250
2021-04-09 00:42:13.091000,4111.646,4111.297,2250,890
2021-04-09 00:42:13.142000,4111.667,4110.945,2250,2250
2021-04-09 00:42:16.896000,4111.455,4110.943,2250,890
2021-04-09 00:42:16.946000,4111.452,4110.742,2250,2250
2021-04-09 00:42:25.445000,4111.167,4110.737,2250,890
2021-04-09 00:42:25.496000,4111.158,4110.433,2250,2250
2021-04-09 00:42:31.156000,4110.955,4110.449,2250,890
2021-04-09 00:42:31.206000,4110.952,4110.242,2250,2250
2021-04-09 00:42:48.389000,4111.164,4110.234,3610,4190
2021-04-09 00:42:48.439000,4111.158,4110.436,2250,2250
2021-04-09 00:42:49.968000,4110.952,4110.437,2250,890
2021-04-09 00:42:50.018000,4110.949,4110.251,2250,2250
2021-04-09 00:42:50.287000,4111.164,4110.249,3610,4190
2021-04-09 00:42:50.338000,4111.101,4110.454,2250,2250
2021-04-09 00:42:51.053000,4110.964,4110.44,2250,890
2021-04-09 00:42:51.104000,4110.949,4110.245,2250,2250
2021-04-09 00:42:54.343000,4111.146,4110.237,3610,4190
2021-04-09 00:42:54.394000,4111.167,4110.439,2250,2250
2021-04-09 00:42:57.784000,4110.949,4110.443,2250,890
2021-04-09 00:42:57.834000,4110.946,4110.245,2250,2250
2021-04-09 00:43:28.108000,4111.152,4110.246,3610,4190
2021-04-09 00:43:28.158000,4111.149,4110.433,2250,2250
2021-04-09 00:43:28.431000,4110.961,4110.437,2250,890
2021-04-09 00:43:28.481000,4110.952,4110.239,2250,2250
2021-04-09 00:43:28.915000,4111.049,4110.246,3610,4190
2021-04-09 00:43:28.966000,4111.046,4110.345,2250,2250
2021-04-09 00:43:31.743000,4111.164,4110.352,3610,4190
2021-04-09 00:43:31.793000,4111.155,4110.499,2250,2250
2021-04-09 00:43:36.712000,4110.958,4110.449,2250,890
2021-04-09 00:43:36.763000,4110.949,4110.251,2250,2250
2021-04-09 00:44:09.854000,4110.667,4110.243,2250,890
2021-04-09 00:44:09.904000,4110.649,4109.933,2250,2250
2021-04-09 00:44:10.015000,4110.967,4109.934,3610,4190
2021-04-09 00:44:10.065000,4110.901,4110.242,2250,2250
2021-04-09 00:45:06.937000,4110.955,4109.931,3610,4190
2021-04-09 00:45:06.987000,4110.652,4109.933,2250,2250
2021-04-09 00:45:09.983000,4110.964,4109.997,3610,4190
2021-04-09 00:45:10.033000,4110.961,4110.248,2250,2250
2021-04-09 00:45:33.782000,4110.652,4110.237,2250,890
2021-04-09 00:45:33.833000,4110.664,4109.936,2250,2250
2021-04-09 00:45:39.199000,4110.964,4109.934,3610,4190
2021-04-09 00:45:39.249000,4110.946,4110.233,2250,2250
2021-04-09 00:45:39.787000,4110.801,4110.249,2250,890
2021-04-09 00:45:39.837000,4110.852,4110.139,2250,2250
2021-04-09 00:45:40.111000,4110.649,4110.197,2250,890
2021-04-09 00:45:40.161000,4110.661,4109.933,2250,2250
2021-04-09 00:45:40.294000,4110.855,4109.949,3610,4190
2021-04-09 00:45:40.344000,4110.858,4110.139,2250,2250
2021-04-09 00:45:40.456000,4110.967,4110.149,3610,4190
2021-04-09 00:45:40.506000,4110.961,4110.248,2250,2250
2021-04-09 00:45:40.986000,4110.849,4110.24,2250,890
2021-04-09 00:45:41.037000,4110.858,4110.154,2250,2250
2021-04-09 00:45:41.144000,4110.961,4110.137,3610,4190
2021-04-09 00:45:41.195000,4110.961,4110.236,2250,2250
2021-04-09 00:45:48.099000,4110.901,4110.131,3610,4190
2021-04-09 00:45:48.152000,4110.855,4110.151,2250,2250
2021-04-09 00:45:48.835000,4110.655,4110.137,2250,890
2021-04-09 00:45:48.886000,4110.661,4109.942,2250,2250
2021-04-09 00:46:06.044000,4110.955,4109.937,3610,4190
2021-04-09 00:46:06.095000,4110.964,4110.242,2250,2250
2021-04-09 00:46:08.257000,4110.867,4110.237,2250,890
2021-04-09 00:46:08.308000,4110.867,4110.139,2250,2250
2021-04-09 00:46:08.576000,4110.946,4110.149,3610,4190
2021-04-09 00:46:08.627000,4110.946,4110.233,2250,2250
2021-04-09 00:46:09.108000,4110.601,4110.24,2250,890
2021-04-09 00:46:09.158000,4110.649,4109.999,2250,2250
2021-04-09 00:46:09.446000,4110.946,4109.934,3610,4190
2021-04-09 00:46:09.496000,4110.958,4110.236,2250,2250
2021-04-09 00:46:10.785000,4110.861,4110.243,2250,890
2021-04-09 00:46:10.835000,4110.855,4110.133,2250,2250
2021-04-09 00:46:10.948000,4110.658,4110.137,2250,890
2021-04-09 00:46:10.998000,4110.649,4109.939,2250,2250
2021-04-09 00:46:45.221000,4110.161,4109.931,2250,890
2021-04-09 00:46:45.271000,4110.101,4109.448,2250,2250
2021-04-09 00:46:45.383000,4110.464,4109.742,2250,2250
2021-04-09 00:46:46.676000,4110.158,4109.749,2250,890
2021-04-09 00:46:46.726000,4110.149,4109.445,2250,2250
2021-04-09 00:47:02.325000,4110.446,4109.434,3610,4190
2021-04-09 00:47:02.376000,4110.458,4109.745,2250,2250
2021-04-09 00:47:02.646000,4110.161,4109.752,2250,890
2021-04-09 00:47:02.696000,4110.149,4109.499,2250,2250
2021-04-09 00:47:52.236000,4109.946,4109.452,2250,890
2021-04-09 00:47:52.286000,4109.964,4109.245,2250,2250
2021-04-09 00:48:01.853000,4110.158,4109.297,3610,4190
2021-04-09 00:48:01.903000,4110.164,4109.439,2250,2250
2021-04-09 00:48:06.699000,4109.901,4109.431,2250,890
2021-04-09 00:48:06.749000,4109.967,4109.254,2250,2250
2021-04-09 00:48:09.790000,4110.149,4109.24,3610,4190
2021-04-09 00:48:09.840000,4110.167,4109.445,2250,2250
2021-04-09 00:48:12.483000,4109.961,4109.434,2250,890
2021-04-09 00:48:12.534000,4109.964,4109.251,2250,2250
2021-04-09 00:48:13.131000,4110.152,4109.252,3610,4190
2021-04-09 00:48:13.181000,4110.158,4109.433,2250,2250
2021-04-09 00:48:13.920000,4109.952,4109.443,2250,890
2021-04-09 00:48:13.971000,4109.964,4109.236,2250,2250
2021-04-09 00:48:16.056000,4110.052,4109.297,3610,4190
2021-04-09 00:48:16.107000,4110.064,4109.345,2250,2250
2021-04-09 00:48:16.218000,4109.961,4109.331,2250,890
2021-04-09 00:48:16.268000,4109.958,4109.251,2250,2250
2021-04-09 00:48:16.376000,4110.161,4109.249,3610,4190
2021-04-09 00:48:16.427000,4110.146,4109.451,2250,2250
2021-04-09 00:48:17.284000,4109.952,4109.431,2250,890
2021-04-09 00:48:17.334000,4109.967,4109.236,2250,2250
2021-04-09 00:48:20.411000,4109.664,4109.252,2250,890
2021-04-09 00:48:20.461000,4109.664,4108.951,2250,2250
2021-04-09 00:48:48.794000,4109.464,4108.931,2250,890
2021-04-09 00:48:48.844000,4109.455,4108.799,2250,2250
2021-04-09 00:48:53.196000,4109.601,4108.743,3610,4190
2021-04-09 00:48:53.246000,4109.661,4108.951,2250,2250
2021-04-09 00:48:53.856000,4109.455,4108.997,2250,890
2021-04-09 00:48:53.906000,4109.464,4108.748,2250,2250
2021-04-09 00:48:54.016000,4109.649,4108.954,2250,2250
2021-04-09 00:48:56.443000,4109.458,4108.997,2250,890
2021-04-09 00:48:56.494000,4109.446,4108.799,2250,2250
2021-04-09 00:49:09.160000,4109.601,4108.749,3610,4190
2021-04-09 00:49:09.210000,4109.658,4108.945,2250,2250
2021-04-09 00:49:42.306000,4109.464,4108.943,2250,890
2021-04-09 00:49:42.356000,4109.452,4108.754,2250,2250
2021-04-09 00:49:48.168000,4109.646,4108.731,3610,4190
2021-04-09 00:49:48.218000,4109.664,4108.999,2250,2250
2021-04-09 00:50:07.429000,4109.449,4108.952,2250,890
2021-04-09 00:50:07.480000,4109.455,4108.745,2250,2250
2021-04-09 00:50:09.645000,4109.601,4108.734,3610,4190
2021-04-09 00:50:09.695000,4109.667,4108.951,2250,2250
2021-04-09 00:50:10.183000,4109.501,4108.943,2250,890
2021-04-09 00:50:10.234000,4109.555,4108.848,2250,2250
2021-04-09 00:50:10.341000,4109.401,4108.843,2250,890
2021-04-09 00:50:10.391000,4109.464,4108.739,2250,2250
2021-04-09 00:50:54.692000,4109.601,4108.743,3610,4190
2021-04-09 00:50:54.743000,4109.649,4108.933,2250,2250
2021-04-09 00:51:19.691000,4109.901,4108.934,3610,4190
2021-04-09 00:51:19.742000,4109.949,4109.242,2250,2250
2021-04-09 00:51:20.013000,4109.658,4108.945,2250,2250
2021-04-09 00:51:21.142000,4109.961,4108.943,3610,4190
2021-04-09 00:51:21.192000,4109.958,4109.251,2250,2250
2021-04-09 00:51:21.303000,4109.658,4109.246,2250,890
2021-04-09 00:51:21.353000,4109.658,4108.933,2250,2250
2021-04-09 00:51:23.448000,4109.952,4108.94,3610,4190
2021-04-09 00:51:23.499000,4109.952,4109.248,2250,2250
2021-04-09 00:51:35.895000,4109.649,4109.252,2250,890
2021-04-09 00:51:35.946000,4109.664,4108.951,2250,2250
2021-04-09 00:51:41.442000,4109.464,4108.934,2250,890
2021-04-09 00:51:41.492000,4109.401,4108.748,2250,2250
2021-04-09 00:51:43.795000,4109.658,4108.752,3610,4190
2021-04-09 00:51:43.846000,4109.667,4108.999,2250,2250
2021-04-09 00:51:52.045000,4109.449,4108.946,2250,890
2021-04-09 00:51:52.095000,4109.455,4108.739,2250,2250
2021-04-09 00:51:58.076000,4109.601,4108.737,3610,4190
2021-04-09 00:51:58.127000,4109.661,4108.999,2250,2250
2021-04-09 00:51:58.237000,4109.458,4108.742,2250,2250
2021-04-09 00:52:00.300000,4109.649,4108.731,3610,4190
2021-04-09 00:52:00.350000,4109.658,4108.954,2250,2250
2021-04-09 00:52:02.128000,4109.452,4108.934,2250,890
2021-04-09 00:52:02.178000,4109.452,4108.751,2250,2250
2021-04-09 00:52:15.099000,4109.646,4108.797,3610,4190
2021-04-09 00:52:15.149000,4109.667,4108.936,2250,2250
2021-04-09 00:52:34.198000,4109.449,4108.952,2250,890
2021-04-09 00:52:34.248000,4109.446,4108.739,2250,2250
2021-04-09 00:53:24.056000,4109.661,4108.743,3610,4190
2021-04-09 00:53:24.106000,4109.649,4108.954,2250,2250
2021-04-09 00:54:17.070000,4109.867,4108.937,3610,4190
2021-04-09 00:54:17.121000,4109.855,4109.136,2250,2250
2021-04-09 00:54:17.234000,4109.958,4109.239,2250,2250
2021-04-09 00:54:18.455000,4109.652,4109.234,2250,890
2021-04-09 00:54:18.505000,4109.667,4108.942,2250,2250
2021-04-09 00:54:21.382000,4109.949,4108.997,3610,4190
2021-04-09 00:54:21.432000,4109.952,4109.251,2250,2250
2021-04-09 00:55:55.477000,4110.158,4109.24,3610,4190
2021-04-09 00:55:55.527000,4110.146,4109.499,2250,2250
2021-04-09 00:57:05.136000,4110.449,4109.449,3610,4190
2021-04-09 00:57:05.187000,4110.464,4109.754,2250,2250
2021-04-09 00:57:08.479000,4110.101,4109.743,2250,890
2021-04-09 00:57:08.529000,4110.149,4109.439,2250,2250
2021-04-09 00:57:18.315000,4110.361,4109.431,3610,4190
2021-04-09 00:57:18.366000,4110.355,4109.636,2250,2250
2021-04-09 00:57:19.297000,4110.167,4109.646,2250,890
2021-04-09 00:57:19.348000,4110.146,4109.454,2250,2250
2021-04-09 00:57:44.290000,4109.949,4109.449,2250,890
2021-04-09 00:57:44.341000,4109.955,4109.248,2250,2250
2021-04-09 00:58:10.189000,4110.146,4109.246,3610,4190
2021-04-09 00:58:10.239000,4110.152,4109.433,2250,2250
2021-04-09 00:58:24.498000,4110.167,4109.943,2250,890
2021-04-09 00:58:24.548000,4110.661,4109.936,2250,2250
2021-04-09 00:58:43.166000,4111.155,4109.949,3610,4190
2021-04-09 00:58:43.217000,4111.161,4110.445,2250,2250
2021-04-09 00:58:43.328000,4110.949,4110.446,2250,890
2021-04-09 00:58:43.378000,4110.901,4110.236,2250,2250
2021-04-09 00:58:51.295000,4111.061,4110.252,3610,4190
2021-04-09 00:58:51.345000,4111.046,4110.336,2250,2250
2021-04-09 00:58:51.454000,4110.955,4110.331,2250,890
2021-04-09 00:58:51.504000,4110.961,4110.248,2250,2250
2021-04-09 00:58:51.776000,4111.149,4110.297,3610,4190
2021-04-09 00:58:51.827000,4111.146,4110.436,2250,2250
2021-04-09 00:59:11.135000,4110.946,4110.44,2250,890
2021-04-09 00:59:11.186000,4110.961,4110.233,2250,2250
2021-04-09 00:59:34.323000,4111.155,4110.234,3610,4190
2021-04-09 00:59:34.374000,4111.167,4110.433,2250,2250
2021-04-09 00:59:36.586000,4110.955,4110.452,2250,890
2021-04-09 00:59:36.637000,4110.961,4110.233,2250,2250
2021-04-09 00:59:37.209000,4111.101,4110.246,3610,4190
2021-04-09 00:59:37.259000,4111.164,4110.433,2250,2250
2021-04-09 01:00:00.724000,4110.949,4110.254,2250,2250
2021-04-09 01:00:01.209000,4111.155,4110.252,3610,4190
2021-04-09 01:00:01.260000,4111.146,4110.442,2250,2250
2021-04-09 01:00:03.202000,4111.461,4110.497,3610,4190
2021-04-09 01:00:03.253000,4111.452,4110.739,2250,2250
2021-04-09 01:00:04.762000,4111.152,4110.743,2250,890
2021-04-09 01:00:04.813000,4111.155,4110.439,2250,2250
2021-04-09 01:00:13.308000,4111.461,4110.431,3610,4190
2021-04-09 01:00:13.359000,4111.461,4110.742,2250,2250
2021-04-09 01:00:32.578000,4111.658,4110.737,3610,4190
2021-04-09 01:00:32.628000,4111.658,4110.951,2250,2250
2021-04-09 01:00:45.402000,4111.967,4110.997,3610,4190
2021-04-09 01:00:45.453000,4111.967,4111.242,2250,2250
2021-04-09 01:00:50.331000,4111.667,4111.234,2250,890
2021-04-09 01:00:50.382000,4111.664,4110.942,2250,2250
2021-04-09 01:01:05.647000,4111.946,4110.952,3610,4190
2021-04-09 01:01:05.698000,4111.955,4111.251,2250,2250
2021-04-09 01:01:13.341000,4111.667,4111.24,2250,890
2021-04-09 01:01:13.391000,4111.658,4110.933,2250,2250
2021-04-09 01:01:17.367000,4111.958,4110.949,3610,4190
2021-04-09 01:01:17.417000,4111.901,4111.248,2250,2250
2021-04-09 01:01:17.526000,4111.655,4111.231,2250,890
2021-04-09 01:01:17.576000,4111.664,4110.948,2250,2250
2021-04-09 01:01:20.750000,4111.455,4110.931,2250,890
2021-04-09 01:01:20.800000,4111.401,4110.751,2250,2250
2021-04-09 01:01:36.696000,4111.101,4110.752,2250,890
2021-04-09 01:01:36.747000,4111.161,4110.433,2250,2250
2021-04-09 01:01:37.437000,4111.464,4110.497,3610,4190
2021-04-09 01:01:37.487000,4111.464,4110.745,2250,2250
2021-04-09 01:01:47.348000,4111.164,4110.749,2250,890
2021-04-09 01:01:47.398000,4111.164,4110.436,2250,2250
2021-04-09 01:01:56.927000,4111.458,4110.431,3610,4190
2021-04-09 01:01:56.977000,4111.401,4110.739,2250,2250
2021-04-09 01:01:57.085000,4111.146,4110.752,2250,890
2021-04-09 01:01:57.136000,4111.149,4110.433,2250,2250
2021-04-09 01:02:00.547000,4111.161,4110.731,2250,890
2021-04-09 01:02:00.598000,4111.464,4110.739,2250,2250
2021-04-09 01:02:00.905000,4111.355,4110.731,2250,890
2021-04-09 01:02:00.956000,4111.367,4110.636,2250,2250
2021-04-09 01:02:01.066000,4111.467,4110.646,3610,4190
2021-04-09 01:02:01.117000,4111.464,4110.751,2250,2250
2021-04-09 01:02:02.067000,4111.161,4110.743,2250,890
2021-04-09 01:02:02.118000,4111.155,4110.448,2250,2250
2021-04-09 01:02:16.022000,4110.901,4110.443,2250,890
2021-04-09 01:02:16.073000,4110.901,4110.236,2250,2250
2021-04-09 01:02:25.698000,4110.658,4110.234,2250,890
2021-04-09 01:02:25.753000,4110.649,4109.951,2250,2250
2021-04-09 01:02:29.913000,4110.446,4109.946,2250,890
2021-04-09 01:02:29.964000,4110.455,4109.736,2250,2250
2021-04-09 01:02:33.088000,4110.149,4109.746,2250,890
2021-04-09 01:02:33.139000,4110.155,4109.454,2250,2250
2021-04-09 01:02:33.248000,4110.449,4109.449,3610,4190
2021-04-09 01:02:33.298000,4110.446,4109.742,2250,2250
2021-04-09 01:02:41.342000,4110.461,4109.446,3610,4190
2021-04-09 01:02:41.393000,4110.167,4109.454,2250,2250
2021-04-09 01:02:44.177000,4110.455,4109.452,3610,4190
2021-04-09 01:02:44.227000,4110.464,4109.754,2250,2250
2021-04-09 01:02:44.497000,4110.149,4109.749,2250,890
2021-04-09 01:02:44.548000,4110.146,4109.499,2250,2250
2021-04-09 01:02:45.142000,4110.464,4109.443,3610,4190
2021-04-09 01:02:45.192000,4110.401,4109.742,2250,2250
2021-04-09 01:02:45.914000,4110.361,4109.746,2250,890
2021-04-09 01:02:45.964000,4110.364,4109.648,2250,2250
2021-04-09 01:02:46.073000,4110.149,4109.646,2250,890
2021-04-09 01:02:46.123000,4110.161,4109.433,2250,2250
2021-04-09 01:02:47.179000,4110.461,4109.449,3610,4190
2021-04-09 01:02:47.229000,4110.458,4109.754,2250,2250
2021-04-09 01:03:03.229000,4110.452,4109.434,3610,4190
2021-04-09 01:03:03.279000,4110.152,4109.433,2250,2250
2021-04-09 01:03:19.416000,4110.449,4109.452,3610,4190
2021-04-09 01:03:19.466000,4110.458,4109.745,2250,2250
2021-04-09 01:03:20.243000,4110.164,4109.743,2250,890
2021-04-09 01:03:20.294000,4110.158,4109.451,2250,2250
2021-04-09 01:03:20.564000,4110.446,4109.431,3610,4190
2021-04-09 01:03:20.614000,4110.446,4109.745,2250,2250
2021-04-09 01:03:36.247000,4110.155,4109.749,2250,890
2021-04-09 01:03:36.298000,4110.167,4109.445,2250,2250
2021-04-09 01:03:36.408000,4110.458,4109.44,3610,4190
2021-04-09 01:03:36.459000,4110.461,4109.754,2250,2250
2021-04-09 01:04:08.694000,4110.652,4109.743,3610,4190
2021-04-09 01:04:08.744000,4110.655,4109.933,2250,2250
2021-04-09 01:04:12.433000,4110.458,4109.934,2250,890
2021-04-09 01:04:12.483000,4110.458,4109.736,2250,2250
2021-04-09 01:04:14.202000,4110.664,4109.746,3610,4190
2021-04-09 01:04:14.253000,4110.649,4109.999,2250,2250
2021-04-09 01:04:55.482000,4110.464,4109.997,2250,890
2021-04-09 01:04:55.532000,4110.467,4109.742,2250,2250
2021-04-09 01:05:20.965000,4110.664,4109.734,3610,4190
2021-04-09 01:05:21.015000,4110.649,4109.936,2250,2250
2021-04-09 01:05:21.356000,4110.567,4109.937,2250,890
2021-04-09 01:05:21.406000,4110.564,4109.842,2250,2250
2021-04-09 01:05:21.514000,4110.658,4109.837,3610,4190
2021-04-09 01:05:21.564000,4110.652,4109.951,2250,2250
2021-04-09 01:05:41.686000,4110.461,4109.952,2250,890
2021-04-09 01:05:41.737000,4110.464,4109.745,2250,2250
2021-04-09 01:06:02.473000,4110.146,4109.74,2250,890
2021-04-09 01:06:02.523000,4110.101,4109.448,2250,2250
2021-04-09 01:06:02.635000,4110.455,4109.437,3610,4190
2021-04-09 01:06:02.685000,4110.467,4109.733,2250,2250
2021-04-09 01:06:03.806000,4110.101,4109.737,2250,890
2021-04-09 01:06:03.857000,4110.161,4109.448,2250,2250
2021-04-09 01:06:19.474000,4109.958,4109.44,2250,890
2021-04-09 01:06:19.524000,4109.958,4109.239,2250,2250
2021-04-09 01:06:22.504000,4110.146,4109.246,3610,4190
2021-04-09 01:06:22.554000,4110.167,4109.433,2250,2250
2021-04-09 01:06:26.262000,4109.946,4109.449,2250,890
2021-04-09 01:06:26.312000,4109.961,4109.245,2250,2250
2021-04-09 01:06:28.618000,4110.152,4109.237,3610,4190
2021-04-09 01:06:28.668000,4110.155,4109.448,2250,2250
2021-04-09 01:06:42.693000,4109.961,4109.497,2250,890
2021-04-09 01:06:42.743000,4109.901,4109.239,2250,2250
2021-04-09 01:06:53.285000,4110.161,4109.246,3610,4190
2021-04-09 01:06:53.335000,4110.152,4109.433,2250,2250
2021-04-09 01:07:36.874000,4109.961,4109.434,2250,890
2021-04-09 01:07:36.924000,4109.961,4109.242,2250,2250
2021-04-09 01:07:56.297000,4109.601,4109.234,2250,890
2021-04-09 01:07:56.348000,4109.655,4108.951,2250,2250
2021-04-09 01:08:13.085000,4109.661,4108.749,3610,4190
2021-04-09 01:08:13.135000,4109.464,4108.751,2250,2250
2021-04-09 01:08:13.838000,4109.649,4108.797,3610,4190
2021-04-09 01:08:13.888000,4109.652,4108.948,2250,2250
2021-04-09 01:08:26.862000,4109.949,4108.931,3610,4190
2021-04-09 01:08:26.912000,4109.967,4109.254,2250,2250
2021-04-09 01:08:27.621000,4109.601,4109.231,2250,890
2021-04-09 01:08:27.672000,4109.649,4108.954,2250,2250
2021-04-09 01:09:02.362000,4109.452,4108.931,2250,890
2021-04-09 01:09:02.412000,4109.452,4108.748,2250,2250
2021-04-09 01:09:04.662000,4109.667,4108.731,3610,4190
2021-04-09 01:09:04.713000,4109.649,4108.939,2250,2250
2021-04-09 01:09:04.822000,4109.464,4108.94,2250,890
2021-04-09 01:09:04.872000,4109.458,4108.748,2250,2250
2021-04-09 01:09:18.094000,4109.352,4108.746,2250,890
2021-04-09 01:09:18.145000,4109.301,4108.699,2250,2250
2021-04-09 01:09:18.254000,4109.167,4108.649,2250,890
2021-04-09 01:09:18.305000,4109.101,4108.433,2250,2250
2021-04-09 01:09:42.131000,4108.901,4108.443,2250,890
2021-04-09 01:09:42.182000,4108.946,4108.239,2250,2250
2021-04-09 01:09:53.200000,4109.149,4108.252,3610,4190
2021-04-09 01:09:53.251000,4109.161,4108.451,2250,2250
2021-04-09 01:09:53.683000,4109.055,4108.44,2250,890
2021-04-09 01:09:53.734000,4109.058,4108.354,2250,2250
2021-04-09 01:09:55.102000,4109.158,4108.346,3610,4190
2021-04-09 01:09:55.152000,4109.146,4108.445,2250,2250
2021-04-09 01:10:17.710000,4108.946,4108.497,2250,890
2021-04-09 01:10:17.760000,4108.901,4108.248,2250,2250
2021-04-09 01:10:18.255000,4109.101,4108.231,3610,4190
2021-04-09 01:10:18.305000,4109.158,4108.499,2250,2250
2021-04-09 01:10:25.316000,4108.958,4108.446,2250,890
2021-04-09 01:10:25.366000,4108.949,4108.242,2250,2250
2021-04-09 01:10:27.304000,4109.101,4108.249,3610,4190
2021-04-09 01:10:27.355000,4109.164,4108.451,2250,2250
2021-04-09 01:10:28.015000,4108.955,4108.44,2250,890
2021-04-09 01:10:28.065000,4108.967,4108.242,2250,2250
2021-04-09 01:10:30.235000,4109.167,4108.234,3610,4190
2021-04-09 01:10:30.286000,4109.161,4108.445,2250,2250
2021-04-09 01:10:50.071000,4109.467,4108.443,3610,4190
2021-04-09 01:10:50.121000,4109.401,4108.739,2250,2250
2021-04-09 01:10:50.236000,4109.161,4108.737,2250,890
2021-04-09 01:10:50.286000,4109.146,4108.442,2250,2250
2021-04-09 01:11:44.202000,4109.461,4108.443,3610,4190
2021-04-09 01:11:44.252000,4109.467,4108.754,2250,2250
2021-04-09 01:12:44.575000,4109.101,4108.743,2250,890
2021-04-09 01:12:44.626000,4109.158,4108.499,2250,2250
2021-04-09 01:12:49.396000,4109.301,4108.44,3610,4190
2021-04-09 01:12:49.446000,4109.367,4108.642,2250,2250
2021-04-09 01:12:50.877000,4109.101,4108.652,2250,890
2021-04-09 01:12:50.928000,4109.155,4108.442,2250,2250
2021-04-09 01:14:25.539000,4109.455,4108.443,3610,4190
2021-04-09 01:14:25.590000,4109.464,4108.736,2250,2250
2021-04-09 01:14:26.020000,4109.152,4108.797,2250,890
2021-04-09 01:14:26.071000,4109.155,4108.445,2250,2250
2021-04-09 01:14:27.432000,4109.467,4108.434,3610,4190
2021-04-09 01:14:27.482000,4109.458,4108.742,2250,2250
2021-04-09 01:14:28.694000,4109.367,4108.74,2250,890
2021-04-09 01:14:28.745000,4109.349,4108.642,2250,2250
2021-04-09 01:14:29.429000,4109.158,4108.697,2250,890
2021-04-09 01:14:29.479000,4109.164,4108.499,2250,2250
2021-04-09 01:14:30.821000,4109.361,4108.44,3610,4190
2021-04-09 01:14:30.871000,4109.364,4108.642,2250,2250
2021-04-09 01:14:31.870000,4109.161,4108.643,2250,890
2021-04-09 01:14:31.920000,4109.164,4108.439,2250,2250
2021-04-09 01:14:32.694000,4109.452,4108.431,3610,4190
2021-04-09 01:14:32.745000,4109.467,4108.751,2250,2250
2021-04-09 01:14:34.776000,4109.158,4108.734,2250,890
2021-04-09 01:14:34.826000,4109.146,4108.454,2250,2250
2021-04-09 01:14:45.020000,4109.467,4108.434,3610,4190
2021-04-09 01:14:45.071000,4109.461,4108.748,2250,2250
2021-04-09 01:14:51.142000,4109.164,4108.737,2250,890
2021-04-09 01:14:51.192000,4109.161,4108.436,2250,2250
2021-04-09 01:14:59.138000,4109.301,4108.452,3610,4190
2021-04-09 01:14:59.188000,4109.367,4108.636,2250,2250
2021-04-09 01:14:59.295000,4109.401,4108.646,3610,4190
2021-04-09 01:14:59.345000,4109.455,4108.739,2250,2250
2021-04-09 01:15:00.453000,4109.164,4108.731,2250,890
2021-04-09 01:15:00.503000,4109.167,4108.439,2250,2250
2021-04-09 01:15:01.418000,4108.952,4108.449,2250,890
2021-04-09 01:15:01.468000,4108.949,4108.239,2250,2250
2021-04-09 01:15:03.546000,4109.149,4108.246,3610,4190
2021-04-09 01:15:03.596000,4109.161,4108.433,2250,2250
2021-04-09 01:15:03.706000,4108.964,4108.434,2250,890
2021-04-09 01:15:03.757000,4108.964,4108.239,2250,2250
2021-04-09 01:15:07.353000,4109.055,4108.249,3610,4190
2021-04-09 01:15:07.403000,4109.067,4108.342,2250,2250
2021-04-09 01:15:07.675000,4109.161,4108.334,3610,4190
2021-04-09 01:15:07.725000,4109.152,4108.454,2250,2250
2021-04-09 01:15:09.875000,4108.955,4108.443,2250,890
2021-04-09 01:15:09.926000,4108.952,4108.254,2250,2250
2021-04-09 01:15:14.727000,4109.101,4108.445,2250,2250
2021-04-09 01:15:16.060000,4108.952,4108.449,2250,890
2021-04-09 01:15:16.110000,4108.949,4108.245,2250,2250
2021-04-09 01:15:16.913000,4109.055,4108.24,3610,4190
2021-04-09 01:15:16.963000,4109.064,4108.333,2250,2250
2021-04-09 01:15:17.207000,4109.146,4108.331,3610,4190
2021-04-09 01:15:17.258000,4109.167,4108.499,2250,2250
2021-04-09 01:16:01.713000,4108.967,4108.434,2250,890
2021-04-09 01:16:01.764000,4108.964,4108.254,2250,2250
2021-04-09 01:16:02.037000,4109.055,4108.336,2250,2250
2021-04-09 01:16:02.833000,4108.952,4108.34,2250,890
2021-04-09 01:16:02.883000,4108.967,4108.233,2250,2250
2021-04-09 01:16:02.994000,4109.149,4108.237,3610,4190
2021-04-09 01:16:03.045000,4109.101,4108.499,2250,2250
2021-04-09 01:16:07.105000,4109.058,4108.437,2250,890
2021-04-09 01:16:07.155000,4109.052,4108.333,2250,2250
2021-04-09 01:16:07.271000,4109.155,4108.397,3610,4190
2021-04-09 01:16:07.321000,4109.158,4108.448,2250,2250
2021-04-09 01:16:10.567000,4108.967,4108.449,2250,890
2021-04-09 01:16:10.617000,4108.946,4108.242,2250,2250
2021-04-09 01:16:12.385000,4109.146,4108.252,3610,4190
2021-04-09 01:16:12.436000,4109.164,4108.454,2250,2250
2021-04-09 01:16:13.198000,4109.061,4108.44,2250,890
2021-04-09 01:16:13.248000,4109.055,4108.336,2250,2250
2021-04-09 01:16:13.402000,4109.155,4108.337,3610,4190
2021-04-09 01:16:13.453000,4109.146,4108.436,2250,2250
2021-04-09 01:16:19.855000,4108.961,4108.497,2250,890
2021-04-09 01:16:19.905000,4108.958,4108.251,2250,2250
2021-04-09 01:16:38.586000,4108.667,4108.234,2250,890
2021-04-09 01:16:38.637000,4108.646,4107.933,2250,2250
2021-04-09 01:16:41.730000,4108.849,4107.937,3610,4190
2021-04-09 01:16:41.780000,4108.849,4108.151,2250,2250
2021-04-09 01:16:42.053000,4108.955,4108.131,3610,4190
2021-04-09 01:16:42.103000,4108.946,4108.251,2250,2250
2021-04-09 01:16:42.214000,4108.661,4108.252,2250,890
2021-04-09 01:16:42.264000,4108.664,4107.948,2250,2250
2021-04-09 01:16:57.604000,4108.849,4107.946,3610,4190
2021-04-09 01:16:57.654000,4108.861,4108.142,2250,2250
2021-04-09 01:16:57.765000,4108.967,4108.134,3610,4190
2021-04-09 01:16:57.816000,4108.958,4108.233,2250,2250
2021-04-09 01:17:00.471000,4108.655,4108.246,2250,890
2021-04-09 01:17:00.521000,4108.658,4107.951,2250,2250
2021-04-09 01:17:05.658000,4108.901,4107.931,3610,4190
2021-04-09 01:17:05.709000,4108.949,4108.239,2250,2250
2021-04-09 01:17:07.607000,4108.655,4108.297,2250,890
2021-04-09 01:17:07.657000,4108.649,4107.942,2250,2250
2021-04-09 01:17:25.552000,4108.446,4107.934,2250,890
2021-04-09 01:17:25.603000,4108.401,4107.751,2250,2250
2021-04-09 01:17:33.008000,4108.161,4107.797,2250,890
2021-04-09 01:17:33.059000,4108.101,4107.499,2250,2250
2021-04-09 01:17:48.454000,4107.952,4107.452,2250,890
2021-04-09 01:17:48.504000,4107.958,4107.254,2250,2250
2021-04-09 01:17:49.389000,4108.155,4107.234,3610,4190
2021-04-09 01:17:49.440000,4108.146,4107.448,2250,2250
2021-04-09 01:17:51.741000,4107.961,4107.446,2250,890
2021-04-09 01:17:51.791000,4107.901,4107.299,2250,2250
2021-04-09 01:17:53.940000,4108.146,4107.246,3610,4190
2021-04-09 01:17:53.991000,4108.155,4107.439,2250,2250
2021-04-09 01:18:00.109000,4107.946,4107.437,2250,890
2021-04-09 01:18:00.160000,4107.958,4107.251,2250,2250
2021-04-09 01:18:00.273000,4108.161,4107.249,3610,4190
2021-04-09 01:18:00.323000,4108.158,4107.439,2250,2250
2021-04-09 01:18:03.534000,4108.064,4107.452,2250,890
2021-04-09 01:18:03.584000,4108.049,4107.345,2250,2250
2021-04-09 01:18:03.707000,4108.101,4107.34,3610,4190
2021-04-09 01:18:03.757000,4108.161,4107.436,2250,2250
2021-04-09 01:18:16.851000,4108.467,4107.443,3610,4190
2021-04-09 01:18:16.901000,4108.401,4107.739,2250,2250
2021-04-09 01:18:29.444000,4108.649,4107.731,3610,4190
2021-04-09 01:18:29.495000,4108.646,4107.942,2250,2250
2021-04-09 01:18:32.573000,4108.458,4107.937,2250,890
2021-04-09 01:18:32.623000,4108.467,4107.739,2250,2250
2021-04-09 01:18:32.734000,4108.652,4107.797,3610,4190
2021-04-09 01:18:32.784000,4108.655,4107.948,2250,2250
2021-04-09 01:18:33.996000,4108.464,4107.931,2250,890
2021-04-09 01:18:34.047000,4108.449,4107.742,2250,2250
2021-04-09 01:18:48.176000,4108.164,4107.731,2250,890
2021-04-09 01:18:48.226000,4108.158,4107.451,2250,2250
2021-04-09 01:18:49.549000,4108.467,4107.443,3610,4190
2021-04-09 01:18:49.599000,4108.401,4107.739,2250,2250
2021-04-09 01:18:58.522000,4108.652,4107.752,3610,4190
2021-04-09 01:18:58.573000,4108.658,4107.945,2250,2250
2021-04-09 01:19:02.900000,4108.464,4107.997,2250,890
2021-04-09 01:19:02.950000,4108.458,4107.751,2250,2250
2021-04-09 01:19:11.958000,4108.661,4107.749,3610,4190
2021-04-09 01:19:12.008000,4108.649,4107.951,2250,2250
2021-04-09 01:19:15.498000,4108.564,4107.931,2250,890
2021-04-09 01:19:15.548000,4108.567,4107.836,2250,2250
2021-04-09 01:19:15.723000,4108.452,4107.742,2250,2250
2021-04-09 01:19:18.228000,4108.652,4107.752,3610,4190
2021-04-09 01:19:18.278000,4108.667,4107.999,2250,2250
2021-04-09 01:19:23.217000,4108.458,4107.943,2250,890
2021-04-09 01:19:23.268000,4108.449,4107.733,2250,2250
2021-04-09 01:19:24.021000,4108.646,4107.752,3610,4190
2021-04-09 01:19:24.071000,4108.655,4107.954,2250,2250
2021-04-09 01:19:28.866000,4108.464,4107.949,2250,890
2021-04-09 01:19:28.917000,4108.467,4107.742,2250,2250
2021-04-09 01:19:30.393000,4108.667,4107.737,3610,4190
2021-04-09 01:19:30.443000,4108.649,4107.933,2250,2250
2021-04-09 01:19:42.735000,4108.449,4107.94,2250,890
2021-04-09 01:19:42.786000,4108.401,4107.751,2250,2250
2021-04-09 01:19:52.922000,4108.158,4107.743,2250,890
2021-04-09 01:19:52.973000,4108.164,4107.442,2250,2250
2021-04-09 01:19:55.123000,4108.449,4107.44,3610,4190
2021-04-09 01:19:55.173000,4108.467,4107.736,2250,2250
2021-04-09 01:19:57.647000,4108.101,4107.752,2250,890
2021-04-09 01:19:57.698000,4108.158,4107.499,2250,2250
2021-04-09 01:19:59.265000,4108.358,4107.44,3610,4190
2021-04-09 01:19:59.315000,4108.361,4107.645,2250,2250
2021-04-09 01:19:59.714000,4108.401,4107.649,3610,4190
2021-04-09 01:19:59.765000,4108.461,4107.751,2250,2250
2021-04-09 01:20:00.169000,4108.367,4107.749,2250,890
2021-04-09 01:20:00.219000,4108.355,4107.636,2250,2250
2021-04-09 01:20:00.329000,4108.146,4107.631,2250,890
2021-04-09 01:20:00.380000,4108.155,4107.442,2250,2250
2021-04-09 01:20:00.709000,4107.946,4107.434,2250,890
2021-04-09 01:20:00.759000,4107.955,4107.251,2250,2250
2021-04-09 01:20:02.983000,4108.101,4107.24,3610,4190
2021-04-09 01:20:03.033000,4108.146,4107.454,2250,2250
2021-04-09 01:20:22.932000,4107.955,4107.44,2250,890
2021-04-09 01:20:22.982000,4107.901,4107.254,2250,2250
2021-04-09 01:20:36.875000,4108.152,4107.297,3610,4190
2021-04-09 01:20:36.926000,4108.161,4107.436,2250,2250
2021-04-09 01:20:55.671000,4107.958,4107.452,2250,890
2021-04-09 01:20:55.722000,4107.961,4107.299,2250,2250
2021-04-09 01:21:03.668000,4107.661,4107.249,2250,890
2021-04-09 01:21:03.718000,4107.658,4106.954,2250,2250
2021-04-09 01:21:16.763000,4107.952,4106.946,3610,4190
2021-04-09 01:21:16.814000,4107.949,4107.236,2250,2250
2021-04-09 01:21:17.728000,4107.601,4107.234,2250,890
2021-04-09 01:21:17.778000,4107.664,4106.999,2250,2250
2021-04-09 01:21:18.939000,4107.958,4106.946,3610,4190
2021-04-09 01:21:18.989000,4107.901,4107.248,2250,2250
2021-04-09 01:21:19.102000,4107.655,4106.933,2250,2250
2021-04-09 01:21:19.906000,4107.952,4106.952,3610,4190
2021-04-09 01:21:19.956000,4107.952,4107.236,2250,2250
2021-04-09 01:21:35.845000,4108.061,4107.231,3610,4190
2021-04-09 01:21:35.896000,4108.049,4107.348,2250,2250
2021-04-09 01:21:36.430000,4108.161,4107.334,3610,4190
2021-04-09 01:21:36.480000,4108.167,4107.499,2250,2250
2021-04-09 01:21:37.924000,4107.952,4107.446,2250,890
2021-04-09 01:21:37.974000,4107.901,4107.245,2250,2250
2021-04-09 01:21:41.764000,4108.161,4107.249,3610,4190
2021-04-09 01:21:41.815000,4108.161,4107.442,2250,2250
2021-04-09 01:21:42.086000,4108.061,4107.497,2250,890
2021-04-09 01:21:42.137000,4108.049,4107.351,2250,2250
2021-04-09 01:21:42.697000,4107.961,4107.346,2250,890
2021-04-09 01:21:42.747000,4107.958,4107.248,2250,2250
2021-04-09 01:21:45.386000,4108.152,4107.237,3610,4190
2021-04-09 01:21:45.436000,4108.167,4107.451,2250,2250
2021-04-09 01:21:46.709000,4107.901,4107.434,2250,890
2021-04-09 01:21:46.759000,4107.967,4107.254,2250,2250
2021-04-09 01:22:00.710000,4107.652,4107.297,2250,890
2021-04-09 01:22:00.760000,4107.652,4106.939,2250,2250
2021-04-09 01:22:50.526000,4107.958,4106.943,3610,4190
2021-04-09 01:22:50.576000,4107.949,4107.299,2250,2250
2021-04-09 01:23:01.734000,4107.658,4107.246,2250,890
2021-04-09 01:23:01.786000,4107.655,4106.954,2250,2250
2021-04-09 01:23:28.946000,4107.958,4106.943,3610,4190
2021-04-09 01:23:28.997000,4107.964,4107.245,2250,2250
2021-04-09 01:23:30.970000,4107.661,4107.243,2250,890
2021-04-09 01:23:31.020000,4107.658,4106.948,2250,2250
2021-04-09 01:23:31.130000,4107.958,4106.946,3610,4190
2021-04-09 01:23:31.181000,4107.946,4107.245,2250,2250
2021-04-09 01:23:33.315000,4107.655,4107.246,2250,890
2021-04-09 01:23:33.365000,4107.667,4106.948,2250,2250
2021-04-09 01:23:38.761000,4107.961,4106.937,3610,4190
2021-04-09 01:23:38.811000,4107.901,4107.299,2250,2250
2021-04-09 01:23:59.976000,4108.101,4107.234,3610,4190
2021-04-09 01:24:00.026000,4108.167,4107.436,2250,2250
2021-04-09 01:24:00.137000,4107.955,4107.431,2250,890
2021-04-09 01:24:00.187000,4107.901,4107.239,2250,2250
2021-04-09 01:24:00.297000,4108.101,4107.249,3610,4190
2021-04-09 01:24:00.348000,4108.161,4107.445,2250,2250
2021-04-09 01:24:00.464000,4108.055,4107.449,2250,890
2021-04-09 01:24:00.514000,4108.049,4107.351,2250,2250
2021-04-09 01:24:00.795000,4107.964,4107.397,2250,890
2021-04-09 01:24:00.845000,4107.967,4107.248,2250,2250
2021-04-09 01:24:03.164000,4108.146,4107.234,3610,4190
2021-04-09 01:24:03.215000,4108.146,4107.433,2250,2250
2021-04-09 01:24:24.589000,4107.901,4107.452,2250,890
2021-04-09 01:24:24.639000,4107.946,4107.299,2250,2250
2021-04-09 01:24:32.031000,4107.658,4107.237,2250,890
2021-04-09 01:24:32.081000,4107.652,4106.999,2250,2250
2021-04-09 01:24:42.563000,4107.955,4106.952,3610,4190
2021-04-09 01:24:42.614000,4107.955,4107.299,2250,2250
2021-04-09 01:24:57.408000,4107.855,4107.24,2250,890
2021-04-09 01:24:57.458000,4107.855,4107.139,2250,2250
2021-04-09 01:24:57.570000,4107.964,4107.149,3610,4190
2021-04-09 01:24:57.621000,4107.967,4107.299,2250,2250
2021-04-09 01:25:02.252000,4107.801,4107.246,2250,890
2021-04-09 01:25:02.302000,4107.867,4107.133,2250,2250
2021-04-09 01:25:02.987000,4107.964,4107.143,3610,4190
2021-04-09 01:25:03.038000,4107.958,4107.248,2250,2250
2021-04-09 01:25:03.968000,4107.661,4107.249,2250,890
2021-04-09 01:25:04.018000,4107.658,4106.951,2250,2250
2021-04-09 01:25:22.461000,4107.964,4106.943,3610,4190
2021-04-09 01:25:22.512000,4107.964,4107.254,2250,2250
2021-04-09 01:25:29.300000,4107.801,4107.249,2250,890
2021-04-09 01:25:29.351000,4107.855,4107.154,2250,2250
2021-04-09 01:25:31.707000,4107.952,4107.134,3610,4190
2021-04-09 01:25:31.758000,4107.964,4107.299,2250,2250
2021-04-09 01:25:32.427000,4107.667,4107.237,2250,890
2021-04-09 01:25:32.477000,4107.646,4106.951,2250,2250
2021-04-09 01:25:41.154000,4107.401,4106.937,2250,890
2021-04-09 01:25:41.204000,4107.452,4106.748,2250,2250
2021-04-09 01:25:46.772000,4107.667,4106.743,3610,4190
2021-04-09 01:25:46.822000,4107.661,4106.951,2250,2250
2021-04-09 01:25:50.159000,4107.949,4106.997,3610,4190
2021-04-09 01:25:50.209000,4107.961,4107.236,2250,2250
2021-04-09 01:25:50.997000,4107.652,4107.246,2250,890
2021-04-09 01:25:51.047000,4107.652,4106.936,2250,2250
2021-04-09 01:25:52.216000,4107.858,4106.943,3610,4190
2021-04-09 01:25:52.266000,4107.801,4107.133,2250,2250
2021-04-09 01:25:52.376000,4107.649,4107.137,2250,890
2021-04-09 01:25:52.426000,4107.646,4106.933,2250,2250
2021-04-09 01:26:12.613000,4107.464,4106.937,2250,890
2021-04-09 01:26:12.663000,4107.452,4106.754,2250,2250
2021-04-09 01:26:17.212000,4107.661,4106.731,3610,4190
2021-04-09 01:26:17.263000,4107.652,4106.942,2250,2250
2021-04-09 01:26:21.900000,4107.458,4106.742,2250,2250
2021-04-09 01:26:22.544000,4107.646,4106.746,3610,4190
2021-04-09 01:26:22.594000,4107.655,4106.951,2250,2250
2021-04-09 01:26:22.710000,4107.552,4106.952,2250,890
2021-04-09 01:26:22.761000,4107.558,4106.848,2250,2250
2021-04-09 01:26:23.082000,4107.658,4106.843,3610,4190
2021-04-09 01:26:23.132000,4107.652,4106.945,2250,2250
2021-04-09 01:26:23.243000,4107.452,4106.997,2250,890
2021-04-09 01:26:23.293000,4107.455,4106.733,2250,2250
2021-04-09 01:26:24.957000,4107.601,4106.743,3610,4190
2021-04-09 01:26:25.007000,4107.646,4106.954,2250,2250
2021-04-09 01:26:25.921000,4107.567,4106.934,2250,890
2021-04-09 01:26:25.971000,4107.558,4106.854,2250,2250
2021-04-09 01:26:26.413000,4107.449,4106.84,2250,890
2021-04-09 01:26:26.463000,4107.449,4106.739,2250,2250
2021-04-09 01:26:28.380000,4107.646,4106.797,3610,4190
2021-04-09 01:26:28.430000,4107.649,4106.936,2250,2250
2021-04-09 01:26:32.687000,4107.552,4106.946,2250,890
2021-04-09 01:26:32.738000,4107.561,4106.851,2250,2250
2021-04-09 01:26:33.031000,4107.649,4106.852,3610,4190
2021-04-09 01:26:33.082000,4107.655,4106.933,2250,2250
2021-04-09 01:26:33.518000,4107.546,4106.949,2250,890
2021-04-09 01:26:33.568000,4107.549,4106.842,2250,2250
2021-04-09 01:26:33.876000,4107.461,4106.852,2250,890
2021-04-09 01:26:33.927000,4107.455,4106.733,2250,2250
2021-04-09 01:26:34.198000,4107.564,4106.752,3610,4190
2021-04-09 01:26:34.249000,4107.561,4106.842,2250,2250
2021-04-09 01:26:34.525000,4107.601,4106.852,3610,4190
2021-04-09 01:26:34.575000,4107.601,4106.999,2250,2250
2021-04-09 01:26:35.979000,4107.552,4106.952,2250,890
2021-04-09 01:26:36.030000,4107.561,4106.854,2250,2250
2021-04-09 01:26:36.139000,4107.664,4106.852,3610,4190
2021-04-09 01:26:36.189000,4107.658,4106.933,2250,2250
2021-04-09 01:26:47.960000,4107.949,4106.943,3610,4190
2021-04-09 01:26:48.010000,4107.952,4107.251,2250,2250
2021-04-09 01:26:49.252000,4107.655,4107.234,2250,890
2021-04-09 01:26:49.302000,4107.661,4106.999,2250,2250
2021-04-09 01:26:52.381000,4107.955,4106.949,3610,4190
2021-04-09 01:26:52.432000,4107.901,4107.239,2250,2250
2021-04-09 01:26:53.557000,4107.601,4107.243,2250,890
2021-04-09 01:26:53.608000,4107.664,4106.945,2250,2250
2021-04-09 01:27:26.404000,4107.858,4106.931,3610,4190
2021-04-09 01:27:26.454000,4107.858,4107.151,2250,2250
2021-04-09 01:27:27.269000,4107.901,4107.14,3610,4190
2021-04-09 01:27:27.319000,4107.961,4107.254,2250,2250
2021-04-09 01:27:28.072000,4107.667,4107.252,2250,890
2021-04-09 01:27:28.123000,4107.652,4106.942,2250,2250
2021-04-09 01:27:31.376000,4107.952,4106.952,3610,4190
2021-04-09 01:27:31.427000,4107.967,4107.239,2250,2250
2021-04-09 01:27:54.793000,4107.664,4107.297,2250,890
2021-04-09 01:27:54.844000,4107.652,4106.945,2250,2250
2021-04-09 01:27:56.150000,4107.958,4106.952,3610,4190
2021-04-09 01:27:56.201000,4107.967,4107.299,2250,2250
2021-04-09 01:28:03.722000,4108.155,4107.237,3610,4190
2021-04-09 01:28:03.773000,4108.101,4107.451,2250,2250
2021-04-09 01:28:13.035000,4107.901,4107.449,2250,890
2021-04-09 01:28:13.085000,4107.961,4107.239,2250,2250
2021-04-09 01:28:15.177000,4108.167,4107.243,3610,4190
2021-04-09 01:28:15.228000,4108.164,4107.433,2250,2250
2021-04-09 01:28:16.197000,4107.955,4107.452,2250,890
2021-04-09 01:28:16.247000,4107.952,4107.236,2250,2250
2021-04-09 01:28:17.658000,4108.049,4107.243,3610,4190
2021-04-09 01:28:17.709000,4108.058,4107.351,2250,2250
2021-04-09 01:28:18.310000,4108.146,4107.343,3610,4190
2021-04-09 01:28:18.360000,4108.146,4107.454,2250,2250
2021-04-09 01:28:48.352000,4107.952,4107.446,2250,890
2021-04-09 01:28:48.403000,4107.964,4107.239,2250,2250
2021-04-09 01:28:55.428000,4108.161,4107.252,3610,4190
2021-04-09 01:28:55.478000,4108.101,4107.451,2250,2250
2021-04-09 01:28:58.832000,4108.064,4107.443,2250,890
2021-04-09 01:28:58.882000,4108.049,4107.351,2250,2250
2021-04-09 01:28:59.763000,4107.952,4107.397,2250,890
2021-04-09 01:28:59.813000,4107.949,4107.254,2250,2250
2021-04-09 01:28:59.922000,4108.049,4107.246,3610,4190
2021-04-09 01:28:59.972000,4108.001,4107.339,2250,2250
2021-04-09 01:29:01.953000,4107.949,4107.346,2250,890
2021-04-09 01:29:02.004000,4107.967,4107.251,2250,2250
2021-04-09 01:29:02.440000,4108.061,4107.246,3610,4190
2021-04-09 01:29:02.490000,4108.058,4107.351,2250,2250
2021-04-09 01:29:02.601000,4108.164,4107.499,2250,2250
2021-04-09 01:29:03.494000,4108.058,4107.44,2250,890
2021-04-09 01:29:03.544000,4108.061,4107.336,2250,2250
2021-04-09 01:29:03.870000,4108.161,4107.334,3610,4190
2021-04-09 01:29:03.920000,4108.161,4107.448,2250,2250
2021-04-09 01:29:04.617000,4108.052,4107.437,2250,890
2021-04-09 01:29:04.667000,4108.064,4107.339,2250,2250
2021-04-09 01:29:04.777000,4108.164,4107.331,3610,4190
2021-04-09 01:29:04.827000,4108.158,4107.436,2250,2250
2021-04-09 01:29:10.239000,4107.946,4107.443,2250,890
2021-04-09 01:29:10.289000,4107.955,4107.254,2250,2250
2021-04-09 01:29:13.369000,4108.049,4107.249,3610,4190
2021-04-09 01:29:13.419000,4108.061,4107.336,2250,2250
2021-04-09 01:29:13.840000,4108.164,4107.352,3610,4190
2021-04-09 01:29:13.890000,4108.152,4107.436,2250,2250
2021-04-09 01:29:30.868000,4108.452,4107.446,3610,4190
2021-04-09 01:29:30.918000,4108.458,4107.751,2250,2250
2021-04-09 01:29:33.752000,4108.164,4107.752,2250,890
2021-04-09 01:29:33.803000,4108.155,4107.433,2250,2250
2021-04-09 01:29:33.910000,4108.458,4107.449,3610,4190
2021-04-09 01:29:33.960000,4108.401,4107.742,2250,2250
2021-04-09 01:29:36.320000,4108.164,4107.74,2250,890
2021-04-09 01:29:36.370000,4108.149,4107.448,2250,2250
2021-04-09 01:29:36.645000,4108.358,4107.434,3610,4190
2021-04-09 01:29:36.695000,4108.361,4107.699,2250,2250
2021-04-09 01:29:36.866000,4108.152,4107.631,2250,890
2021-04-09 01:29:36.916000,4108.101,4107.445,2250,2250
2021-04-09 01:29:45.615000,4108.367,4107.437,3610,4190
2021-04-09 01:29:45.666000,4108.358,4107.651,2250,2250
2021-04-09 01:29:45.776000,4108.101,4107.637,2250,890
2021-04-09 01:29:45.827000,4108.164,4107.499,2250,2250
2021-04-09 01:29:53.157000,4108.358,4107.449,3610,4190
2021-04-09 01:29:53.207000,4108.358,4107.651,2250,2250
2021-04-09 01:29:53.317000,4108.401,4107.652,3610,4190
2021-04-09 01:29:53.367000,4108.455,4107.751,2250,2250
2021-04-09 01:29:56.706000,4108.364,4107.797,2250,890
2021-04-09 01:29:56.756000,4108.349,4107.639,2250,2250
2021-04-09 01:29:56.868000,4108.449,4107.646,3610,4190
2021-04-09 01:29:56.919000,4108.455,4107.742,2250,2250
2021-04-09 01:30:00.712000,4108.401,4107.434,3610,4190
2021-04-09 01:30:00.762000,4108.164,4107.439,2250,2250
2021-04-09 01:30:00.872000,4108.458,4107.434,3610,4190
2021-04-09 01:30:00.923000,4108.452,4107.739,2250,2250
2021-04-09 01:30:01.870000,4108.167,4107.439,2250,2250
2021-04-09 01:30:08.657000,4107.949,4107.443,2250,890
2021-04-09 01:30:08.707000,4107.958,4107.254,2250,2250
2021-04-09 01:30:10.307000,4108.152,4107.237,3610,4190
2021-04-09 01:30:10.357000,4108.146,4107.454,2250,2250
2021-04-09 01:30:18.110000,4108.446,4107.446,3610,4190
2021-04-09 01:30:18.161000,4108.455,4107.745,2250,2250
2021-04-09 01:30:18.872000,4108.446,4107.443,3610,4190
2021-04-09 01:30:18.922000,4108.164,4107.499,2250,2250
2021-04-09 01:30:27.734000,4107.946,4107.452,2250,890
2021-04-09 01:30:27.785000,4107.946,4107.245,2250,2250
2021-04-09 01:30:35.599000,4108.161,4107.297,3610,4190
2021-04-09 01:30:35.649000,4108.161,4107.448,2250,2250
2021-04-09 01:30:50.451000,4108.061,4107.497,2250,890
2021-04-09 01:30:50.501000,4108.055,4107.351,2250,2250
2021-04-09 01:30:50.613000,4108.161,4107.343,3610,4190
2021-04-09 01:30:50.664000,4108.155,4107.499,2250,2250
2021-04-09 01:30:51.276000,4108.067,4107.446,2250,890
2021-04-09 01:30:51.327000,4108.067,4107.336,2250,2250
2021-04-09 01:30:51.605000,4107.949,4107.349,2250,890
2021-04-09 01:30:51.655000,4107.946,4107.251,2250,2250
2021-04-09 01:30:59.319000,4108.164,4107.243,3610,4190
2021-04-09 01:30:59.369000,4108.158,4107.442,2250,2250
2021-04-09 01:30:59.477000,4108.058,4107.443,2250,890
2021-04-09 01:30:59.527000,4108.046,4107.333,2250,2250
2021-04-09 01:30:59.670000,4108.149,4107.334,3610,4190
2021-04-09 01:30:59.720000,4108.155,4107.442,2250,2250
2021-04-09 01:30:59.924000,4108.061,4107.452,2250,890
2021-04-09 01:30:59.974000,4108.067,4107.345,2250,2250
2021-04-09 01:31:00.246000,4107.961,4107.352,2250,890
2021-04-09 01:31:00.297000,4107.961,4107.239,2250,2250
2021-04-09 01:31:00.568000,4108.001,4107.249,3610,4190
2021-04-09 01:31:00.618000,4108.067,4107.354,2250,2250
2021-04-09 01:31:00.730000,4107.952,4107.397,2250,890
2021-04-09 01:31:00.780000,4107.958,4107.254,2250,2250
2021-04-09 01:31:07.335000,4108.161,4107.243,3610,4190
2021-04-09 01:31:07.386000,4108.161,4107.436,2250,2250
2021-04-09 01:31:09.357000,4108.464,4107.434,3610,4190
2021-04-09 01:31:09.407000,4108.446,4107.733,2250,2250
2021-04-09 01:31:15.184000,4108.167,4107.797,2250,890
2021-04-09 01:31:15.234000,4108.101,4107.454,2250,2250
2021-04-09 01:31:15.509000,4108.364,4107.437,3610,4190
2021-04-09 01:31:15.559000,4108.367,4107.699,2250,2250
2021-04-09 01:31:15.704000,4108.149,4107.643,2250,890
2021-04-09 01:31:15.754000,4108.158,4107.445,2250,2250
2021-04-09 01:31:16.027000,4108.349,4107.437,3610,4190
2021-04-09 01:31:16.077000,4108.301,4107.639,2250,2250
2021-04-09 01:31:16.869000,4108.149,4107.646,2250,890
2021-04-09 01:31:16.920000,4108.161,4107.448,2250,2250
2021-04-09 01:31:17.031000,4108.364,4107.446,3610,4190
2021-04-09 01:31:17.081000,4108.346,4107.636,2250,2250
2021-04-09 01:31:17.577000,4108.101,4107.637,2250,890
2021-04-09 01:31:17.628000,4108.167,4107.433,2250,2250
2021-04-09 01:31:18.223000,4108.458,4107.434,3610,4190
2021-04-09 01:31:18.273000,4108.458,4107.751,2250,2250
2021-04-09 01:31:19.795000,4108.158,4107.797,2250,890
2021-04-09 01:31:19.845000,4108.152,4107.451,2250,2250
2021-04-09 01:31:20.863000,4108.401,4107.449,3610,4190
2021-04-09 01:31:20.913000,4108.467,4107.745,2250,2250
2021-04-09 01:31:22.543000,4108.149,4107.731,2250,890
2021-04-09 01:31:22.593000,4108.164,4107.439,2250,2250
2021-04-09 01:31:23.028000,4108.361,4107.431,3610,4190
2021-04-09 01:31:23.078000,4108.364,4107.699,2250,2250
2021-04-09 01:31:23.509000,4108.152,4107.646,2250,890
2021-04-09 01:31:23.559000,4108.167,4107.448,2250,2250
2021-04-09 01:31:26.581000,4108.067,4107.446,2250,890
2021-04-09 01:31:26.632000,4108.001,4107.342,2250,2250
2021-04-09 01:31:26.743000,4107.967,4107.343,2250,890
2021-04-09 01:31:26.794000,4107.901,4107.251,2250,2250
2021-04-09 01:31:28.877000,4107.958,4107.437,2250,890
2021-04-09 01:31:28.927000,4108.146,4107.433,2250,2250
2021-04-09 01:31:29.013000,4107.967,4107.497,2250,890
2021-04-09 01:31:29.064000,4107.901,4107.245,2250,2250
2021-04-09 01:31:32.354000,4108.101,4107.246,3610,4190
2021-04-09 01:31:32.405000,4108.146,4107.451,2250,2250
2021-04-09 01:31:39.873000,4108.446,4107.449,3610,4190
2021-04-09 01:31:39.924000,4108.461,4107.745,2250,2250
2021-04-09 01:31:40.036000,4108.455,4107.497,3610,4190
2021-04-09 01:31:40.087000,4108.164,4107.499,2250,2250
2021-04-09 01:31:42.893000,4107.961,4107.434,2250,890
2021-04-09 01:31:42.944000,4107.946,4107.299,2250,2250
2021-04-09 01:31:43.054000,4108.067,4107.243,3610,4190
2021-04-09 01:31:43.105000,4108.052,4107.351,2250,2250
2021-04-09 01:31:43.680000,4108.152,4107.334,3610,4190
2021-04-09 01:31:43.730000,4108.149,4107.436,2250,2250
2021-04-09 01:31:44.574000,4108.058,4107.431,2250,890
2021-04-09 01:31:44.624000,4108.001,4107.336,2250,2250
2021-04-09 01:31:44.733000,4107.901,4107.349,2250,890
2021-04-09 01:31:44.783000,4107.952,4107.254,2250,2250
2021-04-09 01:31:45.234000,4108.167,4107.297,3610,4190
2021-04-09 01:31:45.285000,4108.155,4107.442,2250,2250
2021-04-09 01:31:47.230000,4108.052,4107.446,2250,890
2021-04-09 01:31:47.281000,4108.049,4107.342,2250,2250
2021-04-09 01:31:47.552000,4107.952,4107.334,2250,890
2021-04-09 01:31:47.602000,4107.967,4107.251,2250,2250
2021-04-09 01:31:47.714000,4108.055,4107.249,3610,4190
2021-04-09 01:31:47.764000,4108.064,4107.333,2250,2250
2021-04-09 01:31:48.012000,4108.046,4107.252,3610,4190
2021-04-09 01:31:48.062000,4107.964,4107.239,2250,2250
2021-04-09 01:31:48.174000,4108.146,4107.234,3610,4190
2021-04-09 01:31:48.224000,4108.158,4107.442,2250,2250
2021-04-09 01:31:52.795000,4108.061,4107.437,2250,890
2021-04-09 01:31:52.846000,4108.061,4107.348,2250,2250
2021-04-09 01:31:53.491000,4107.964,4107.346,2250,890
2021-04-09 01:31:53.542000,4107.946,4107.245,2250,2250
2021-04-09 01:31:53.813000,4108.146,4107.231,3610,4190
2021-04-09 01:31:53.864000,4108.149,4107.448,2250,2250
2021-04-09 01:31:57.502000,4108.061,4107.449,2250,890
2021-04-09 01:31:57.553000,4108.055,4107.339,2250,2250
2021-04-09 01:31:57.663000,4107.952,4107.349,2250,890
2021-04-09 01:31:57.713000,4107.961,4107.299,2250,2250
2021-04-09 01:32:02.424000,4107.849,4107.246,2250,890
2021-04-09 01:32:02.474000,4107.867,4107.151,2250,2250
2021-04-09 01:32:02.592000,4107.967,4107.197,3610,4190
2021-04-09 01:32:02.642000,4107.901,4107.251,2250,2250
2021-04-09 01:32:03.389000,4107.846,4107.231,2250,890
2021-04-09 01:32:03.440000,4107.849,4107.139,2250,2250
2021-04-09 01:32:03.551000,4107.952,4107.146,3610,4190
2021-04-09 01:32:03.601000,4107.958,4107.251,2250,2250
2021-04-09 01:32:04.193000,4107.849,4107.237,2250,890
2021-04-09 01:32:04.243000,4107.846,4107.136,2250,2250
2021-04-09 01:32:04.353000,4107.952,4107.14,3610,4190
2021-04-09 01:32:04.404000,4107.964,4107.236,2250,2250
2021-04-09 01:32:04.884000,4107.861,4107.231,2250,890
2021-04-09 01:32:04.935000,4107.867,4107.139,2250,2250
2021-04-09 01:32:05.153000,4107.658,4107.149,2250,890
2021-04-09 01:32:05.204000,4107.658,4106.945,2250,2250
2021-04-09 01:32:11.068000,4107.952,4106.949,3610,4190
2021-04-09 01:32:11.118000,4107.967,4107.245,2250,2250
2021-04-09 01:32:11.392000,4107.955,4106.949,3610,4190
2021-04-09 01:32:11.442000,4107.601,4106.954,2250,2250
2021-04-09 01:32:29.826000,4107.855,4106.931,3610,4190
2021-04-09 01:32:29.877000,4107.864,4107.154,2250,2250
2021-04-09 01:32:29.985000,4107.658,4107.14,2250,890
2021-04-09 01:32:30.035000,4107.601,4106.951,2250,2250
2021-04-09 01:32:30.951000,4107.901,4106.937,3610,4190
2021-04-09 01:32:31.001000,4107.949,4107.236,2250,2250
2021-04-09 01:32:31.270000,4107.846,4107.252,2250,890
2021-04-09 01:32:31.321000,4107.858,4107.133,2250,2250
2021-04-09 01:32:32.078000,4107.852,4107.24,2250,890
2021-04-09 01:32:32.128000,4107.949,4107.236,2250,2250
2021-04-09 01:32:42.050000,4107.667,4107.231,2250,890
2021-04-09 01:32:42.101000,4107.652,4106.933,2250,2250
2021-04-09 01:32:44.389000,4107.949,4106.931,3610,4190
2021-04-09 01:32:44.439000,4107.967,4107.254,2250,2250
2021-04-09 01:32:45.338000,4107.655,4107.252,2250,890
2021-04-09 01:32:45.388000,4107.601,4106.945,2250,2250
2021-04-09 01:32:51.026000,4107.958,4106.937,3610,4190
2021-04-09 01:32:51.077000,4107.949,4107.239,2250,2250
2021-04-09 01:32:51.187000,4107.658,4107.243,2250,890
2021-04-09 01:32:51.237000,4107.646,4106.939,2250,2250
2021-04-09 01:32:52.523000,4107.861,4106.997,3610,4190
2021-04-09 01:32:52.573000,4107.861,4107.151,2250,2250
2021-04-09 01:32:52.701000,4107.949,4107.152,3610,4190
2021-04-09 01:32:52.751000,4107.901,4107.242,2250,2250
2021-04-09 01:33:00.868000,4107.649,4107.246,2250,890
2021-04-09 01:33:00.919000,4107.655,4106.942,2250,2250
2021-04-09 01:33:08.731000,4107.552,4106.931,2250,890
2021-04-09 01:33:08.782000,4107.564,4106.842,2250,2250
2021-04-09 01:33:08.892000,4107.652,4106.897,3610,4190
2021-04-09 01:33:08.942000,4107.664,4106.999,2250,2250
2021-04-09 01:33:10.524000,4107.549,4106.931,2250,890
2021-04-09 01:33:10.575000,4107.561,4106.899,2250,2250
2021-04-09 01:33:10.684000,4107.661,4106.852,3610,4190
2021-04-09 01:33:10.734000,4107.667,4106.945,2250,2250
2021-04-09 01:33:11.371000,4107.555,4106.937,2250,890
2021-04-09 01:33:11.422000,4107.567,4106.848,2250,2250
2021-04-09 01:33:11.537000,4107.664,4106.852,3610,4190
2021-04-09 01:33:11.587000,4107.646,4106.936,2250,2250
2021-04-09 01:33:27.899000,4107.464,4106.946,2250,890
2021-04-09 01:33:27.949000,4107.467,4106.748,2250,2250
2021-04-09 01:33:33.402000,4107.558,4106.734,3610,4190
2021-04-09 01:33:33.453000,4107.546,4106.899,2250,2250
2021-04-09 01:33:33.622000,4107.658,4106.852,3610,4190
2021-04-09 01:33:33.673000,4107.664,4106.951,2250,2250
2021-04-09 01:33:33.781000,4107.567,4106.949,2250,890
2021-04-09 01:33:33.832000,4107.552,4106.842,2250,2250
2021-04-09 01:33:33.945000,4107.455,4106.852,2250,890
2021-04-09 01:33:33.995000,4107.452,4106.739,2250,2250
2021-04-09 01:33:38.885000,4107.564,4106.752,3610,4190
2021-04-09 01:33:38.935000,4107.549,4106.836,2250,2250
2021-04-09 01:33:39.050000,4107.461,4106.84,2250,890
2021-04-09 01:33:39.100000,4107.461,4106.754,2250,2250
2021-04-09 01:33:42.019000,4107.552,4106.749,3610,4190
2021-04-09 01:33:42.070000,4107.561,4106.842,2250,2250
2021-04-09 01:33:42.183000,4107.646,4106.834,3610,4190
2021-04-09 01:33:42.233000,4107.655,4106.939,2250,2250
2021-04-09 01:33:44.273000,4107.561,4106.949,2250,890
2021-04-09 01:33:44.323000,4107.561,4106.833,2250,2250
2021-04-09 01:33:44.434000,4107.452,4106.852,2250,890
2021-04-09 01:33:44.485000,4107.401,4106.733,2250,2250
2021-04-09 01:33:45.171000,4107.655,4106.749,3610,4190
2021-04-09 01:33:45.222000,4107.652,4106.948,2250,2250
2021-04-09 01:33:45.496000,4107.461,4106.952,2250,890
2021-04-09 01:33:45.547000,4107.464,4106.748,2250,2250
2021-04-09 01:33:47.373000,4107.558,4106.743,3610,4190
2021-04-09 01:33:47.424000,4107.555,4106.842,2250,2250
2021-04-09 01:33:47.691000,4107.646,4106.897,3610,4190
2021-04-09 01:33:47.741000,4107.658,4106.933,2250,2250
2021-04-09 01:33:50.069000,4107.546,4106.934,2250,890
2021-04-09 01:33:50.119000,4107.567,4106.845,2250,2250
2021-04-09 01:33:50.421000,4107.664,4106.84,3610,4190
2021-04-09 01:33:50.471000,4107.649,4106.954,2250,2250
2021-04-09 01:33:50.902000,4107.458,4106.934,2250,890
2021-04-09 01:33:50.952000,4107.446,4106.736,2250,2250
2021-04-09 01:33:51.064000,4107.661,4106.749,3610,4190
2021-04-09 01:33:51.115000,4107.649,4106.942,2250,2250
2021-04-09 01:33:51.226000,4107.464,4106.94,2250,890
2021-04-09 01:33:51.276000,4107.461,4106.751,2250,2250
2021-04-09 01:33:52.517000,4107.661,4106.734,3610,4190
2021-04-09 01:33:52.568000,4107.661,4106.999,2250,2250
2021-04-09 01:33:52.677000,4107.455,4106.934,2250,890
2021-04-09 01:33:52.728000,4107.449,4106.733,2250,2250
2021-04-09 01:33:52.838000,4107.646,4106.734,3610,4190
2021-04-09 01:33:52.888000,4107.649,4106.933,2250,2250
2021-04-09 01:34:06.567000,4107.958,4106.997,3610,4190
2021-04-09 01:34:06.618000,4107.952,4107.242,2250,2250
2021-04-09 01:34:11.312000,4107.646,4107.231,2250,890
2021-04-09 01:34:11.362000,4107.667,4106.948,2250,2250
2021-04-09 01:34:28.890000,4107.961,4106.931,3610,4190
2021-04-09 01:34:28.940000,4107.961,4107.236,2250,2250
2021-04-09 01:34:31.366000,4107.661,4107.249,2250,890
2021-04-09 01:34:31.416000,4107.664,4106.933,2250,2250
2021-04-09 01:34:59.237000,4107.446,4106.946,2250,890
2021-04-09 01:34:59.288000,4107.449,4106.742,2250,2250
2021-04-09 01:35:08.268000,4107.167,4106.734,2250,890
2021-04-09 01:35:08.319000,4107.101,4106.445,2250,2250
2021-04-09 01:35:08.430000,4107.358,4106.431,3610,4190
2021-04-09 01:35:08.480000,4107.361,4106.648,2250,2250
2021-04-09 01:35:08.591000,4107.461,4106.697,3610,4190
2021-04-09 01:35:08.641000,4107.452,4106.736,2250,2250
2021-04-09 01:35:12.206000,4107.367,4106.749,2250,890
2021-04-09 01:35:12.256000,4107.364,4106.651,2250,2250
2021-04-09 01:35:12.367000,4107.458,4106.697,3610,4190
2021-04-09 01:35:12.417000,4107.455,4106.799,2250,2250
2021-04-09 01:35:13.173000,4107.158,4106.743,2250,890
2021-04-09 01:35:13.223000,4107.152,4106.433,2250,2250
2021-04-09 01:35:13.565000,4107.352,4106.446,3610,4190
2021-04-09 01:35:13.615000,4107.346,4106.633,2250,2250
2021-04-09 01:35:13.718000,4107.449,4106.631,3610,4190
2021-04-09 01:35:13.768000,4107.467,4106.742,2250,2250
2021-04-09 01:35:14.039000,4107.364,4106.731,2250,890
2021-04-09 01:35:14.089000,4107.367,4106.648,2250,2250
2021-04-09 01:35:14.229000,4107.461,4106.631,3610,4190
2021-04-09 01:35:14.280000,4107.461,4106.736,2250,2250
2021-04-09 01:35:14.713000,4107.358,4106.734,2250,890
2021-04-09 01:35:14.764000,4107.352,4106.651,2250,2250
2021-04-09 01:35:15.154000,4107.467,4106.649,3610,4190
2021-04-09 01:35:15.204000,4107.467,4106.739,2250,2250
2021-04-09 01:35:18.959000,4107.158,4106.499,2250,2250
2021-04-09 01:35:23.315000,4106.946,4106.446,2250,890
2021-04-09 01:35:23.366000,4106.955,4106.236,2250,2250
2021-04-09 01:35:23.635000,4107.152,4106.234,3610,4190
2021-04-09 01:35:23.686000,4107.149,4106.433,2250,2250
2021-04-09 01:35:24.209000,4106.955,4106.443,2250,890
2021-04-09 01:35:24.260000,4106.949,4106.233,2250,2250
2021-04-09 01:35:28.559000,4106.661,4106.243,2250,890
2021-04-09 01:35:28.609000,4106.655,4105.936,2250,2250
2021-04-09 01:35:28.720000,4106.961,4105.943,3610,4190
2021-04-09 01:35:28.770000,4106.961,4106.251,2250,2250
2021-04-09 01:35:30.866000,4106.658,4106.243,2250,890
2021-04-09 01:35:30.916000,4106.649,4105.954,2250,2250
2021-04-09 01:35:31.186000,4106.958,4105.934,3610,4190
2021-04-09 01:35:31.237000,4106.952,4106.299,2250,2250
2021-04-09 01:35:34.421000,4106.601,4106.246,2250,890
2021-04-09 01:35:34.472000,4106.601,4105.933,2250,2250
2021-04-09 01:35:37.682000,4106.901,4105.94,3610,4190
2021-04-09 01:35:37.733000,4106.949,4106.251,2250,2250
2021-04-09 01:35:38.166000,4106.855,4106.231,2250,890
2021-04-09 01:35:38.216000,4106.861,4106.199,2250,2250
2021-04-09 01:35:38.715000,4106.946,4106.152,3610,4190
2021-04-09 01:35:38.765000,4106.964,4106.236,2250,2250
2021-04-09 01:35:39.688000,4106.858,4106.252,2250,890
2021-04-09 01:35:39.738000,4106.858,4106.199,2250,2250
2021-04-09 01:35:39.846000,4106.955,4106.134,3610,4190
2021-04-09 01:35:39.896000,4106.961,4106.233,2250,2250
2021-04-09 01:35:40.525000,4106.867,4106.297,2250,890
2021-04-09 01:35:40.576000,4106.861,4106.136,2250,2250
2021-04-09 01:35:40.709000,4106.658,4106.143,2250,890
2021-04-09 01:35:40.760000,4106.649,4105.999,2250,2250
2021-04-09 01:35:43.854000,4106.961,4105.946,3610,4190
2021-04-09 01:35:43.904000,4106.949,4106.242,2250,2250
2021-04-09 01:35:45.832000,4106.858,4106.297,2250,890
2021-04-09 01:35:45.883000,4106.855,4106.145,2250,2250
2021-04-09 01:35:45.995000,4106.961,4106.137,3610,4190
2021-04-09 01:35:46.045000,4106.952,4106.299,2250,2250
2021-04-09 01:35:47.588000,4106.655,4106.24,2250,890
2021-04-09 01:35:47.639000,4106.661,4105.942,2250,2250
2021-04-09 01:35:48.463000,4106.967,4105.952,3610,4190
2021-04-09 01:35:48.514000,4106.955,4106.239,2250,2250
2021-04-09 01:35:52.838000,4106.661,4106.24,2250,890
2021-04-09 01:35:52.888000,4106.646,4105.951,2250,2250
2021-04-09 01:35:54.518000,4106.864,4105.937,3610,4190
2021-04-09 01:35:54.568000,4106.849,4106.145,2250,2250
2021-04-09 01:35:54.856000,4106.658,4106.137,2250,890
2021-04-09 01:35:54.906000,4106.649,4105.951,2250,2250
2021-04-09 01:36:08.744000,4106.901,4105.94,3610,4190
2021-04-09 01:36:08.794000,4106.901,4106.239,2250,2250
2021-04-09 01:36:15.940000,4106.861,4106.243,2250,890
2021-04-09 01:36:15.990000,4106.867,4106.148,2250,2250
2021-04-09 01:36:16.268000,4106.661,4105.936,2250,2250
2021-04-09 01:36:20.026000,4106.564,4105.949,2250,890
2021-04-09 01:36:20.076000,4106.564,4105.899,2250,2250
2021-04-09 01:36:20.188000,4106.464,4105.852,2250,890
2021-04-09 01:36:20.238000,4106.464,4105.748,2250,2250
2021-04-09 01:36:26.795000,4106.646,4105.752,3610,4190
2021-04-09 01:36:26.845000,4106.652,4105.942,2250,2250
2021-04-09 01:36:27.193000,4106.461,4105.94,2250,890
2021-04-09 01:36:27.243000,4106.449,4105.751,2250,2250
2021-04-09 01:36:32.033000,4106.146,4105.749,2250,890
2021-04-09 01:36:32.083000,4106.152,4105.433,2250,2250
2021-04-09 01:36:39.071000,4106.467,4105.437,3610,4190
2021-04-09 01:36:39.122000,4106.452,4105.754,2250,2250
2021-04-09 01:36:39.393000,4106.301,4105.731,2250,890
2021-04-09 01:36:39.443000,4106.355,4105.642,2250,2250
2021-04-09 01:36:39.634000,4106.455,4105.64,3610,4190
2021-04-09 01:36:39.685000,4106.401,4105.751,2250,2250
2021-04-09 01:36:39.793000,4106.361,4105.743,2250,890
2021-04-09 01:36:39.844000,4106.364,4105.699,2250,2250
2021-04-09 01:36:39.954000,4106.146,4105.643,2250,890
2021-04-09 01:36:40.005000,4106.164,4105.433,2250,2250
2021-04-09 01:36:40.116000,4106.355,4105.446,3610,4190
2021-04-09 01:36:40.166000,4106.346,4105.648,2250,2250
2021-04-09 01:36:40.305000,4106.149,4105.697,2250,890
2021-04-09 01:36:40.356000,4106.152,4105.445,2250,2250
2021-04-09 01:36:45.893000,4106.446,4105.437,3610,4190
2021-04-09 01:36:45.943000,4106.458,4105.799,2250,2250
2021-04-09 01:36:46.059000,4106.161,4105.743,2250,890
2021-04-09 01:36:46.109000,4106.149,4105.439,2250,2250
2021-04-09 01:36:46.377000,4106.461,4105.431,3610,4190
2021-04-09 01:36:46.427000,4106.464,4105.799,2250,2250
2021-04-09 01:36:47.344000,4106.164,4105.743,2250,890
2021-04-09 01:36:47.395000,4106.158,4105.448,2250,2250
2021-04-09 01:36:51.357000,4106.458,4105.434,3610,4190
2021-04-09 01:36:51.407000,4106.458,4105.748,2250,2250
2021-04-09 01:36:51.840000,4106.364,4105.699,2250,2250
2021-04-09 01:36:52.161000,4106.155,4105.649,2250,890
2021-04-09 01:36:52.211000,4106.152,4105.499,2250,2250
2021-04-09 01:36:53.608000,4106.467,4105.431,3610,4190
2021-04-09 01:36:53.658000,4106.449,4105.754,2250,2250
2021-04-09 01:36:55.443000,4106.301,4105.749,2250,890
2021-04-09 01:36:55.493000,4106.355,4105.633,2250,2250
2021-04-09 01:36:55.601000,4106.149,4105.646,2250,890
2021-04-09 01:36:55.651000,4106.146,4105.499,2250,2250
2021-04-09 01:36:56.904000,4105.901,4105.446,2250,890
2021-04-09 01:36:56.955000,4105.901,4105.239,2250,2250
2021-04-09 01:36:57.467000,4105.967,4105.34,2250,890
2021-04-09 01:36:57.517000,4106.046,4105.348,2250,2250
2021-04-09 01:36:57.697000,4106.149,4105.343,3610,4190
2021-04-09 01:36:57.747000,4106.155,4105.436,2250,2250
2021-04-09 01:36:59.183000,4106.046,4105.497,2250,890
2021-04-09 01:36:59.234000,4106.046,4105.336,2250,2250
2021-04-09 01:37:00.195000,4105.958,4105.349,2250,890
2021-04-09 01:37:00.246000,4105.958,4105.239,2250,2250
2021-04-09 01:37:01.001000,4106.164,4105.24,3610,4190
2021-04-09 01:37:01.051000,4106.158,4105.448,2250,2250
2021-04-09 01:37:01.647000,4105.901,4105.239,2250,2250
2021-04-09 01:37:14.069000,4105.667,4105.231,2250,890
2021-04-09 01:37:14.119000,4105.658,4104.933,2250,2250
2021-04-09 01:37:14.911000,4105.855,4104.943,3610,4190
2021-04-09 01:37:14.961000,4105.867,4105.199,2250,2250
2021-04-09 01:37:15.069000,4105.946,4105.14,3610,4190
2021-04-09 01:37:15.120000,4105.955,4105.248,2250,2250
2021-04-09 01:37:30.380000,4105.646,4105.24,2250,890
2021-04-09 01:37:30.430000,4105.658,4104.936,2250,2250
2021-04-09 01:37:32.878000,4105.961,4104.937,3610,4190
2021-04-09 01:37:32.928000,4105.901,4105.242,2250,2250
2021-04-09 01:37:38.150000,4105.658,4105.246,2250,890
2021-04-09 01:37:38.200000,4105.601,4104.951,2250,2250
2021-04-09 01:37:40.561000,4105.958,4104.943,3610,4190
2021-04-09 01:37:40.611000,4105.958,4105.233,2250,2250
2021-04-09 01:37:42.871000,4105.601,4105.231,2250,890
2021-04-09 01:37:42.921000,4105.652,4104.954,2250,2250
2021-04-09 01:37:44.329000,4105.949,4104.943,3610,4190
2021-04-09 01:37:44.379000,4105.967,4105.299,2250,2250
2021-04-09 01:37:50.499000,4106.146,4105.24,3610,4190
2021-04-09 01:37:50.550000,4106.149,4105.439,2250,2250
2021-04-09 01:38:01.811000,4105.955,4105.434,2250,890
2021-04-09 01:38:01.861000,4105.955,4105.299,2250,2250
2021-04-09 01:38:12.105000,4106.061,4105.234,3610,4190
2021-04-09 01:38:12.158000,4106.001,4105.336,2250,2250
2021-04-09 01:38:12.267000,4105.955,4105.352,2250,890
2021-04-09 01:38:12.317000,4105.964,4105.236,2250,2250
2021-04-09 01:38:38.443000,4106.158,4105.243,3610,4190
2021-04-09 01:38:38.493000,4106.149,4105.499,2250,2250
2021-04-09 01:38:51.496000,4106.467,4105.446,3610,4190
2021-04-09 01:38:51.546000,4106.464,4105.745,2250,2250
2021-04-09 01:38:52.472000,4106.167,4105.74,2250,890
2021-04-09 01:38:52.522000,4106.152,4105.454,2250,2250
2021-04-09 01:38:57.611000,4106.446,4105.44,3610,4190
2021-04-09 01:38:57.661000,4106.401,4105.742,2250,2250
2021-04-09 01:38:58.016000,4106.152,4105.731,2250,890
