2021-04-18 22:00:05.224000,13992.451,13988.989,750,750
2021-04-18 22:00:05.372000,13992.231,13989.017,750,17
2021-04-18 22:00:05.422000,13992.201,13988.809,750,750
2021-04-18 22:00:05.691000,13992.293,13988.929,750,750
2021-04-18 22:00:05.742000,13992.211,13988.959,750,750
2021-04-18 22:00:05.852000,13992.081,13988.997,750,17
2021-04-18 22:00:05.902000,13992.121,13988.679,750,750
2021-04-18 22:00:06.016000,13992.093,13988.809,750,750
2021-04-18 22:00:06.067000,13992.261,13988.769,750,750
2021-04-18 22:00:06.654000,13992.263,13989.429,750,34
2021-04-18 22:00:06.705000,13992.981,13989.429,750,750
2021-04-18 22:00:06.815000,13992.511,13989.477,750,740
2021-04-18 22:00:06.865000,13992.771,13989.289,750,750
2021-04-18 22:00:06.975000,13992.713,13989.449,750,750
2021-04-18 22:00:07.025000,13992.991,13989.409,750,750
2021-04-18 22:00:07.299000,13992.753,13989.459,750,750
2021-04-18 22:00:07.349000,13992.761,13989.279,750,750
2021-04-18 22:00:07.458000,13992.723,13989.479,750,750
2021-04-18 22:00:07.508000,13992.971,13989.499,750,750
2021-04-18 22:00:07.617000,13992.401,13989.417,750,17
2021-04-18 22:00:07.667000,13992.491,13988.959,750,750
2021-04-18 22:00:07.776000,13992.423,13989.119,750,750
2021-04-18 22:00:07.827000,13992.501,13989.079,750,750
2021-04-18 22:00:08.590000,13992.523,13989.419,750,34
2021-04-18 22:00:08.641000,13992.981,13989.699,750,750
2021-04-18 22:00:08.752000,13992.301,13989.427,750,17
2021-04-18 22:00:08.802000,13992.581,13989.029,750,750
2021-04-18 22:00:09.712000,13992.051,13989.117,750,17
2021-04-18 22:00:09.763000,13991.991,13988.589,750,750
2021-04-18 22:00:09.871000,13990.981,13988.607,750,17
2021-04-18 22:00:09.921000,13990.971,13987.699,750,750
2021-04-18 22:00:10.428000,13990.691,13987.447,750,740
2021-04-18 22:00:10.478000,13990.741,13987.279,750,750
2021-04-18 22:00:10.589000,13989.181,13987.277,750,17
2021-04-18 22:00:10.639000,13989.001,13985.809,750,750
2021-04-18 22:00:11.299000,13988.941,13985.807,750,17
2021-04-18 22:00:11.349000,13988.911,13985.409,750,750
2021-04-18 22:00:11.468000,13988.621,13985.417,750,17
2021-04-18 22:00:11.518000,13988.641,13985.149,750,750
2021-04-18 22:00:11.620000,13988.431,13985.107,750,740
2021-04-18 22:00:11.670000,13988.441,13985.009,750,750
2021-04-18 22:00:11.780000,13988.203,13985.289,750,34
2021-04-18 22:00:11.830000,13988.541,13985.009,750,750
2021-04-18 22:00:12.101000,13988.061,13985.077,750,17
2021-04-18 22:00:12.151000,13988.061,13984.789,750,750
2021-04-18 22:00:12.447000,13988.013,13986.439,750,34
2021-04-18 22:00:12.497000,13989.701,13986.499,750,750
2021-04-18 22:00:12.610000,13989.141,13986.477,750,17
2021-04-18 22:00:12.660000,13989.161,13985.669,750,750
2021-04-18 22:00:12.766000,13989.123,13986.219,750,34
2021-04-18 22:00:12.817000,13989.741,13986.229,750,750
2021-04-18 22:00:12.927000,13989.241,13986.287,750,17
2021-04-18 22:00:12.977000,13989.001,13985.989,750,750
2021-04-18 22:00:13.248000,13989.051,13985.747,750,740
2021-04-18 22:00:13.299000,13988.991,13985.589,750,750
2021-04-18 22:00:13.723000,13989.043,13985.819,750,34
2021-04-18 22:00:13.773000,13989.231,13985.759,750,750
2021-04-18 22:00:13.883000,13988.621,13985.787,750,17
2021-04-18 22:00:13.933000,13988.651,13985.119,750,750
2021-04-18 22:00:14.043000,13988.411,13985.167,750,740
2021-04-18 22:00:14.093000,13988.391,13984.919,750,750
2021-04-18 22:00:14.204000,13988.051,13984.987,750,17
2021-04-18 22:00:14.254000,13987.811,13984.589,750,750
2021-04-18 22:00:14.364000,13987.791,13984.517,750,17
2021-04-18 22:00:14.414000,13987.771,13984.259,750,750
2021-04-18 22:00:14.523000,13986.991,13984.257,750,17
2021-04-18 22:00:14.574000,13986.811,13983.529,750,750
2021-04-18 22:00:14.683000,13987.063,13984.789,750,34
2021-04-18 22:00:14.733000,13988.271,13984.719,750,750
2021-04-18 22:00:14.845000,13987.641,13984.727,750,17
2021-04-18 22:00:14.895000,13987.671,13984.109,750,750
2021-04-18 22:00:15.002000,13987.531,13984.187,750,740
2021-04-18 22:00:15.053000,13987.491,13984.119,750,750
2021-04-18 22:00:15.175000,13985.123,13984.079,750,34
2021-04-18 22:00:15.225000,13987.661,13984.189,750,750
2021-04-18 22:00:15.354000,13987.663,13984.279,750,750
2021-04-18 22:00:15.405000,13987.761,13984.499,750,750
2021-04-18 22:00:16.165000,13987.301,13984.237,750,740
2021-04-18 22:00:16.216000,13987.491,13984.069,750,750
2021-04-18 22:00:16.799000,13987.583,13984.209,750,750
2021-04-18 22:00:16.850000,13987.691,13984.179,750,750
2021-04-18 22:00:16.970000,13987.683,13984.309,750,750
2021-04-18 22:00:17.021000,13987.701,13984.259,750,750
2021-04-18 22:00:17.402000,13987.663,13984.219,750,750
2021-04-18 22:00:17.452000,13987.661,13984.179,750,750
2021-04-18 22:00:17.562000,13987.581,13984.167,750,740
2021-04-18 22:00:17.612000,13987.561,13984.039,750,750
2021-04-18 22:00:17.971000,13987.583,13985.139,750,34
2021-04-18 22:00:18.021000,13988.581,13985.169,750,750
2021-04-18 22:00:18.291000,13988.583,13985.569,750,34
2021-04-18 22:00:18.341000,13989.041,13985.799,750,750
2021-04-18 22:00:18.956000,13989.003,13986.049,750,34
2021-04-18 22:00:19.006000,13989.531,13986.049,750,750
2021-04-18 22:00:19.276000,13989.511,13986.247,750,740
2021-04-18 22:00:19.326000,13989.511,13986.249,750,750
2021-04-18 22:00:19.434000,13989.773,13986.609,750,34
2021-04-18 22:00:19.485000,13990.081,13986.539,750,750
2021-04-18 22:00:20.544000,13989.993,13987.539,750,34
2021-04-18 22:00:20.594000,13991.011,13987.539,750,750
2021-04-18 22:00:20.863000,13991.073,13988.639,750,34
2021-04-18 22:00:20.913000,13991.911,13988.709,750,750
2021-04-18 22:00:21.143000,13992.113,13989.159,750,34
2021-04-18 22:00:21.193000,13992.601,13989.189,750,750
2021-04-18 22:00:21.303000,13992.493,13989.189,750,750
2021-04-18 22:00:21.353000,13992.531,13989.019,750,750
2021-04-18 22:00:21.467000,13992.541,13989.387,750,17
2021-04-18 22:00:21.517000,13992.611,13989.139,750,750
2021-04-18 22:00:21.623000,13992.593,13989.289,750,750
2021-04-18 22:00:21.674000,13992.501,13989.299,750,750
2021-04-18 22:00:22.097000,13992.703,13990.199,750,34
2021-04-18 22:00:22.148000,13993.601,13990.219,750,750
2021-04-18 22:00:22.440000,13993.201,13990.157,750,17
2021-04-18 22:00:22.641000,13993.231,13989.819,750,750
2021-04-18 22:00:23.079000,13993.073,13989.759,750,750
2021-04-18 22:00:23.129000,13993.261,13989.819,750,750
2021-04-18 22:00:23.240000,13993.253,13990.589,750,34
2021-04-18 22:00:23.291000,13993.811,13990.549,750,750
2021-04-18 22:00:23.400000,13994.061,13990.997,750,17
2021-04-18 22:00:23.450000,13994.271,13990.769,750,750
2021-04-18 22:00:23.768000,13994.243,13991.099,750,34
2021-04-18 22:00:23.818000,13994.541,13991.079,750,750
2021-04-18 22:00:23.929000,13994.071,13991.047,750,17
2021-04-18 22:00:23.979000,13994.061,13990.529,750,750
2021-04-18 22:00:24.642000,13993.961,13990.547,750,740
2021-04-18 22:00:24.693000,13993.921,13990.419,750,750
2021-04-18 22:00:24.799000,13993.933,13990.539,750,750
2021-04-18 22:00:24.849000,13994.071,13990.539,750,750
2021-04-18 22:00:24.959000,13993.983,13990.739,750,750
2021-04-18 22:00:25.009000,13994.271,13990.739,750,750
2021-04-18 22:00:25.117000,13993.711,13990.747,750,17
2021-04-18 22:00:25.168000,13993.981,13990.479,750,750
2021-04-18 22:00:25.278000,13993.953,13990.649,750,750
2021-04-18 22:00:25.328000,13993.901,13990.679,750,750
2021-04-18 22:00:25.440000,13994.051,13990.617,750,740
2021-04-18 22:00:25.490000,13993.991,13990.509,750,750
2021-04-18 22:00:25.947000,13993.993,13990.669,750,750
2021-04-18 22:00:25.997000,13994.161,13990.679,750,750
2021-04-18 22:00:26.105000,13994.133,13991.579,750,34
2021-04-18 22:00:26.155000,13995.081,13991.509,750,750
2021-04-18 22:00:26.453000,13995.083,13994.189,750,34
2021-04-18 22:00:26.503000,13997.621,13994.149,750,750
2021-04-18 22:00:26.612000,13997.251,13994.157,750,17
2021-04-18 22:00:26.662000,13997.221,13993.739,750,750
2021-04-18 22:00:26.773000,13997.213,13993.949,750,750
2021-04-18 22:00:26.823000,13997.391,13993.959,750,750
2021-04-18 22:00:26.934000,13997.423,13994.579,750,34
2021-04-18 22:00:26.984000,13998.081,13994.529,750,750
2021-04-18 22:00:27.094000,13997.641,13994.527,750,17
2021-04-18 22:00:27.144000,13997.601,13994.159,750,750
2021-04-18 22:00:27.254000,13997.391,13994.137,750,740
2021-04-18 22:00:27.304000,13997.441,13993.999,750,750
2021-04-18 22:00:27.415000,13996.461,13993.937,750,17
2021-04-18 22:00:27.465000,13996.451,13992.989,750,750
2021-04-18 22:00:27.627000,13996.213,13993.089,750,750
2021-04-18 22:00:27.677000,13996.501,13993.059,750,750
2021-04-18 22:00:27.947000,13996.581,13993.997,750,17
2021-04-18 22:00:27.997000,13997.431,13993.989,750,750
2021-04-18 22:00:28.108000,13997.443,13994.289,750,34
2021-04-18 22:00:28.158000,13997.531,13994.289,750,750
2021-04-18 22:00:29.105000,13997.583,13994.429,750,34
2021-04-18 22:00:29.156000,13997.961,13994.489,750,750
2021-04-18 22:00:29.656000,13997.933,13994.739,750,34
2021-04-18 22:00:29.706000,13998.241,13994.779,750,750
2021-04-18 22:00:29.817000,13998.243,13995.419,750,34
2021-04-18 22:00:29.867000,13998.701,13995.419,750,750
2021-04-18 22:00:30.584000,13998.583,13995.479,750,34
2021-04-18 22:00:30.635000,13998.481,13995.049,750,750
2021-04-18 22:00:30.746000,13998.563,13995.699,750,34
2021-04-18 22:00:30.796000,13998.911,13995.469,750,750
2021-04-18 22:00:30.903000,13998.973,13995.579,750,750
2021-04-18 22:00:30.953000,13998.981,13995.529,750,750
2021-04-18 22:00:31.062000,13998.983,13995.999,750,34
2021-04-18 22:00:31.112000,13999.411,13995.969,750,750
2021-04-18 22:00:31.383000,13999.483,13996.089,750,750
2021-04-18 22:00:31.433000,13999.481,13996.039,750,750
2021-04-18 22:00:31.543000,13999.483,13996.199,750,750
2021-04-18 22:00:31.593000,13999.591,13996.199,750,750
2021-04-18 22:00:31.894000,13999.403,13997.199,750,34
2021-04-18 22:00:31.945000,14000.421,13996.969,750,750
2021-04-18 22:00:32.403000,14000.203,13997.029,750,750
2021-04-18 22:00:32.453000,14000.511,13997.119,750,750
2021-04-18 22:00:32.883000,14000.491,13997.017,750,740
2021-04-18 22:00:32.934000,14000.411,13996.999,750,750
2021-04-18 22:00:33.043000,14000.493,13997.199,750,750
2021-04-18 22:00:33.094000,14000.671,13997.199,750,750
2021-04-18 22:00:33.204000,14000.593,13997.259,750,750
2021-04-18 22:00:33.255000,14000.751,13997.259,750,750
2021-04-18 22:00:33.401000,14000.611,13997.277,750,740
2021-04-18 22:00:33.451000,14000.621,13997.149,750,750
2021-04-18 22:00:33.919000,14000.633,13997.659,750,34
2021-04-18 22:00:33.969000,14001.171,13997.679,750,750
2021-04-18 22:00:34.334000,14000.711,13997.887,750,17
2021-04-18 22:00:34.385000,14000.701,13997.279,750,750
2021-04-18 22:00:34.494000,14000.513,13997.659,750,34
2021-04-18 22:00:34.544000,14001.191,13997.659,750,750
2021-04-18 22:00:34.815000,14000.893,13997.619,750,750
2021-04-18 22:00:34.865000,14000.951,13997.509,750,750
2021-04-18 22:00:34.977000,14000.703,13997.619,750,750
2021-04-18 22:00:35.027000,14000.901,13997.709,750,750
2021-04-18 22:00:35.136000,14001.163,13997.989,750,34
2021-04-18 22:00:35.187000,14001.261,13997.769,750,750
2021-04-18 22:00:35.896000,14001.233,13998.109,750,34
2021-04-18 22:00:35.946000,14001.641,13998.129,750,750
2021-04-18 22:00:36.051000,14001.441,13998.127,750,740
2021-04-18 22:00:36.102000,14001.481,13997.959,750,750
2021-04-18 22:00:36.211000,14001.443,13998.099,750,750
2021-04-18 22:00:36.261000,14001.491,13998.089,750,750
2021-04-18 22:00:36.531000,14001.503,13998.109,750,750
2021-04-18 22:00:36.582000,14001.621,13998.189,750,750
2021-04-18 22:00:37.173000,14001.231,13998.167,750,17
2021-04-18 22:00:37.223000,14001.271,13997.719,750,750
2021-04-18 22:00:37.931000,14000.611,13997.997,750,17
2021-04-18 22:00:37.981000,14000.691,13997.149,750,750
2021-04-18 22:00:38.078000,14000.653,13999.989,750,34
2021-04-18 22:00:38.129000,14003.461,13999.919,750,750
2021-04-18 22:00:38.241000,14003.481,14000.557,750,17
2021-04-18 22:00:38.292000,14004.021,14000.599,750,750
2021-04-18 22:00:38.559000,14003.403,14000.579,750,34
2021-04-18 22:00:38.609000,14003.381,13999.969,750,750
2021-04-18 22:00:38.885000,14002.891,13999.917,750,17
2021-04-18 22:00:38.935000,14002.711,13999.499,750,750
2021-04-18 22:00:39.367000,14002.973,14000.089,750,34
2021-04-18 22:00:39.417000,14003.531,14000.049,750,750
2021-04-18 22:00:39.528000,14002.211,14000.057,750,17
2021-04-18 22:00:39.578000,14002.211,13998.759,750,750
2021-04-18 22:00:39.687000,14002.261,13999.717,750,17
2021-04-18 22:00:39.738000,14003.171,13999.689,750,750
2021-04-18 22:00:39.847000,14002.931,13999.657,750,740
2021-04-18 22:00:39.897000,14002.931,13999.419,750,750
2021-04-18 22:00:40.355000,14002.943,13999.619,750,750
2021-04-18 22:00:40.405000,14003.081,13999.529,750,750
2021-04-18 22:00:40.519000,14003.001,13999.789,750,750
2021-04-18 22:00:40.677000,14003.111,13999.817,750,740
2021-04-18 22:00:40.727000,14003.181,13999.659,750,750
2021-04-18 22:00:40.838000,14003.163,14000.179,750,34
2021-04-18 22:00:40.888000,14003.661,14000.159,750,750
2021-04-18 22:00:40.997000,14003.091,14000.167,750,17
2021-04-18 22:00:41.047000,14003.101,13999.659,750,750
2021-04-18 22:00:41.640000,14002.903,14000.139,750,34
2021-04-18 22:00:41.691000,14003.651,14000.399,750,750
2021-04-18 22:00:41.803000,14002.903,14000.199,750,34
2021-04-18 22:00:41.853000,14002.941,13999.689,750,750
2021-04-18 22:00:41.966000,14002.721,13999.427,750,740
2021-04-18 22:00:42.017000,14002.791,13999.219,750,750
2021-04-18 22:00:42.287000,14002.793,13999.449,750,750
2021-04-18 22:00:42.337000,14002.981,13999.439,750,750
2021-04-18 22:00:42.446000,14002.491,13999.487,750,17
2021-04-18 22:00:42.496000,14002.591,13999.069,750,750
2021-04-18 22:00:43.045000,14002.091,13999.047,750,17
2021-04-18 22:00:43.096000,14002.151,13998.609,750,750
2021-04-18 22:00:43.366000,14001.921,13998.707,750,17
2021-04-18 22:00:43.416000,14001.941,13998.689,750,750
2021-04-18 22:00:44.107000,14001.501,13998.687,750,17
2021-04-18 22:00:44.157000,14001.781,13998.259,750,750
2021-04-18 22:00:44.268000,14001.581,13998.247,750,740
2021-04-18 22:00:44.319000,14001.591,13998.169,750,750
2021-04-18 22:00:44.428000,14001.683,13998.489,750,34
2021-04-18 22:00:44.479000,14001.721,13998.309,750,750
2021-04-18 22:00:44.747000,14001.631,13998.257,750,740
2021-04-18 22:00:44.798000,14001.651,13998.209,750,750
2021-04-18 22:00:45.063000,14001.391,13998.177,750,740
2021-04-18 22:00:45.113000,14001.491,13997.969,750,750
2021-04-18 22:00:45.224000,14001.261,13997.957,750,740
2021-04-18 22:00:45.274000,14001.271,13997.769,750,750
2021-04-18 22:00:45.383000,14001.041,13997.767,750,740
2021-04-18 22:00:45.433000,14001.051,13997.549,750,750
2021-04-18 22:00:45.543000,14000.993,13997.729,750,750
2021-04-18 22:00:45.593000,14001.191,13997.809,750,750
2021-04-18 22:00:45.703000,14000.741,13997.737,750,17
2021-04-18 22:00:45.754000,14000.761,13997.279,750,750
2021-04-18 22:00:45.863000,14000.171,13997.247,750,17
2021-04-18 22:00:45.913000,13999.911,13996.669,750,750
2021-04-18 22:00:46.183000,14000.011,13996.657,750,740
2021-04-18 22:00:46.233000,14000.011,13996.529,750,750
2021-04-18 22:00:46.343000,13999.731,13996.547,750,17
2021-04-18 22:00:46.393000,13999.701,13996.309,750,750
2021-04-18 22:00:47.131000,13999.121,13996.227,750,17
2021-04-18 22:00:47.182000,13999.101,13995.669,750,750
2021-04-18 22:00:47.287000,13999.021,13995.887,750,17
2021-04-18 22:00:47.337000,13999.081,13995.509,750,750
2021-04-18 22:00:48.781000,13999.043,13996.079,750,34
2021-04-18 22:00:48.831000,13999.501,13996.119,750,750
2021-04-18 22:00:49.676000,13999.313,13996.279,750,750
2021-04-18 22:00:49.726000,13999.781,13996.279,750,750
2021-04-18 22:00:50.430000,13999.271,13996.217,750,17
2021-04-18 22:00:50.481000,13999.281,13995.799,750,750
2021-04-18 22:00:50.756000,13999.283,13995.929,750,750
2021-04-18 22:00:50.806000,13999.381,13995.999,750,750
2021-04-18 22:00:50.916000,13999.203,13996.609,750,34
2021-04-18 22:00:50.966000,14000.031,13996.529,750,750
2021-04-18 22:00:51.563000,13999.701,13996.527,750,740
2021-04-18 22:00:51.614000,13999.971,13996.439,750,750
2021-04-18 22:00:51.722000,13999.953,13996.939,750,34
2021-04-18 22:00:51.772000,14000.441,13996.999,750,750
2021-04-18 22:00:52.053000,14000.453,13997.129,750,750
2021-04-18 22:00:52.103000,14000.661,13997.179,750,750
2021-04-18 22:00:52.218000,13999.621,13997.127,750,17
2021-04-18 22:00:52.269000,13999.601,13996.189,750,750
2021-04-18 22:00:52.532000,13999.471,13996.187,750,740
2021-04-18 22:00:52.583000,13999.401,13995.979,750,750
2021-04-18 22:00:53.016000,13998.581,13995.947,750,17
2021-04-18 22:00:53.066000,13998.591,13995.179,750,750
2021-04-18 22:00:53.173000,13998.403,13995.889,750,34
2021-04-18 22:00:53.224000,13999.101,13995.669,750,750
2021-04-18 22:00:53.658000,13999.071,13995.687,750,740
2021-04-18 22:00:53.708000,13999.071,13995.529,750,750
2021-04-18 22:00:53.817000,13998.931,13995.587,750,740
2021-04-18 22:00:53.867000,13998.961,13995.509,750,750
2021-04-18 22:00:54.849000,13998.461,13995.407,750,17
2021-04-18 22:00:54.900000,13998.461,13994.969,750,750
2021-04-18 22:00:55.012000,13997.991,13994.489,750,750
2021-04-18 22:00:55.647000,13997.893,13994.509,750,750
2021-04-18 22:00:55.698000,13998.021,13994.559,750,750
2021-04-18 22:00:55.967000,13998.003,13994.809,750,34
2021-04-18 22:00:56.017000,13998.241,13994.769,750,750
2021-04-18 22:00:56.126000,13998.033,13994.709,750,750
2021-04-18 22:00:56.176000,13997.991,13994.539,750,750
2021-04-18 22:00:56.291000,13998.063,13994.679,750,750
2021-04-18 22:00:56.342000,13998.171,13994.679,750,750
2021-04-18 22:00:56.787000,13998.163,13994.969,750,34
2021-04-18 22:00:56.837000,13998.411,13995.189,750,750
2021-04-18 22:00:56.947000,13998.111,13994.957,750,17
2021-04-18 22:00:56.997000,13998.161,13994.689,750,750
2021-04-18 22:00:58.197000,13997.551,13994.897,750,17
2021-04-18 22:00:58.247000,13997.481,13994.019,750,750
2021-04-18 22:00:58.356000,13997.513,13994.939,750,34
2021-04-18 22:00:58.407000,13998.451,13994.959,750,750
2021-04-18 22:00:58.592000,13998.181,13994.937,750,17
2021-04-18 22:00:58.642000,13997.901,13994.629,750,750
2021-04-18 22:00:59.159000,13998.011,13994.627,750,740
2021-04-18 22:00:59.209000,13997.811,13994.519,750,750
2021-04-18 22:00:59.320000,13997.641,13994.587,750,17
2021-04-18 22:00:59.370000,13997.671,13994.399,750,750
2021-04-18 22:00:59.504000,13997.623,13994.249,750,750
2021-04-18 22:00:59.554000,13997.731,13994.489,750,750
2021-04-18 22:00:59.668000,13997.733,13994.569,750,34
2021-04-18 22:00:59.719000,13997.981,13994.589,750,750
2021-04-18 22:01:00.147000,13998.031,13996.737,750,17
2021-04-18 22:01:00.197000,14000.001,13996.749,750,750
2021-04-18 22:01:00.305000,14000.243,13997.219,750,34
2021-04-18 22:01:00.355000,14000.761,13997.279,750,750
2021-04-18 22:01:01.191000,13999.941,13997.227,750,17
2021-04-18 22:01:01.242000,13999.981,13996.509,750,750
2021-04-18 22:01:01.351000,13999.191,13996.417,750,17
2021-04-18 22:01:01.401000,13999.261,13995.739,750,750
2021-04-18 22:01:01.674000,13998.801,13995.807,750,17
2021-04-18 22:01:01.724000,13999.001,13995.539,750,750
2021-04-18 22:01:01.991000,13998.961,13995.597,750,740
2021-04-18 22:01:02.042000,13998.981,13995.429,750,750
2021-04-18 22:01:02.151000,13998.973,13996.009,750,34
2021-04-18 22:01:02.202000,13999.451,13995.929,750,750
2021-04-18 22:01:02.554000,13999.413,13996.509,750,34
2021-04-18 22:01:02.744000,13999.911,13996.469,750,750
2021-04-18 22:01:02.795000,13999.421,13995.939,750,750
2021-04-18 22:01:02.869000,13998.911,13996.187,750,17
2021-04-18 22:01:02.919000,13999.181,13995.679,750,750
2021-04-18 22:01:03.106000,13999.123,13995.999,750,34
2021-04-18 22:01:03.156000,13999.421,13995.959,750,750
2021-04-18 22:01:03.265000,13999.443,13996.159,750,750
2021-04-18 22:01:03.316000,13999.601,13996.199,750,750
2021-04-18 22:01:03.425000,13999.641,13996.497,750,17
2021-04-18 22:01:03.476000,13999.791,13996.299,750,750
2021-04-18 22:01:03.749000,13999.511,13996.059,750,750
2021-04-18 22:01:05.914000,13999.523,13996.299,750,750
2021-04-18 22:01:05.964000,13999.721,13996.229,750,750
2021-04-18 22:01:06.074000,13999.481,13996.307,750,17
2021-04-18 22:01:06.124000,13999.511,13996.119,750,750
2021-04-18 22:01:07.227000,13998.941,13996.057,750,17
2021-04-18 22:01:07.277000,13998.981,13995.429,750,750
2021-04-18 22:01:07.604000,13998.993,13995.619,750,750
2021-04-18 22:01:07.654000,13999.031,13995.549,750,750
2021-04-18 22:01:07.763000,13998.651,13995.517,750,17
2021-04-18 22:01:07.814000,13998.411,13995.129,750,750
2021-04-18 22:01:07.923000,13998.693,13995.229,750,750
2021-04-18 22:01:07.973000,13998.791,13995.279,750,750
2021-04-18 22:01:08.083000,13998.723,13995.549,750,34
2021-04-18 22:01:08.134000,13999.061,13995.569,750,750
2021-04-18 22:01:08.245000,13999.083,13995.699,750,750
2021-04-18 22:01:08.296000,13999.171,13995.659,750,750
2021-04-18 22:01:08.411000,13999.133,13995.729,750,750
2021-04-18 22:01:08.461000,13999.241,13995.729,750,750
2021-04-18 22:01:08.784000,13999.151,13995.757,750,740
2021-04-18 22:01:08.834000,13999.151,13995.619,750,750
2021-04-18 22:01:09.243000,13999.093,13995.759,750,750
2021-04-18 22:01:09.293000,13999.181,13995.779,750,750
2021-04-18 22:01:09.565000,13999.263,13996.129,750,34
2021-04-18 22:01:09.615000,13999.401,13996.119,750,750
2021-04-18 22:01:10.522000,13999.521,13996.197,750,740
2021-04-18 22:01:10.573000,13999.511,13996.029,750,750
2021-04-18 22:01:10.683000,13999.533,13996.249,750,750
2021-04-18 22:01:10.733000,13999.721,13996.309,750,750
2021-04-18 22:01:11.627000,13999.693,13996.699,750,34
2021-04-18 22:01:11.677000,13999.891,13996.479,750,750
2021-04-18 22:01:11.925000,13999.511,13996.507,750,17
2021-04-18 22:01:11.975000,13999.731,13996.279,750,750
2021-04-18 22:01:12.086000,13999.763,13996.999,750,34
2021-04-18 22:01:12.136000,14000.481,13997.189,750,750
2021-04-18 22:01:12.505000,14000.121,13996.987,750,17
2021-04-18 22:01:12.555000,14000.141,13996.659,750,750
2021-04-18 22:01:12.664000,14000.173,13997.009,750,34
2021-04-18 22:01:12.714000,14000.201,13997.009,750,750
2021-04-18 22:01:12.824000,14000.211,13996.977,750,740
2021-04-18 22:01:12.874000,14000.191,13996.739,750,750
2021-04-18 22:01:13.318000,13999.721,13996.737,750,17
2021-04-18 22:01:13.368000,13999.741,13996.209,750,750
2021-04-18 22:01:13.478000,13999.733,13996.659,750,34
2021-04-18 22:01:13.529000,14000.161,13996.889,750,750
2021-04-18 22:01:13.800000,14000.153,13996.979,750,34
2021-04-18 22:01:13.850000,14000.411,13996.909,750,750
2021-04-18 22:01:14.307000,14000.251,13996.927,750,740
2021-04-18 22:01:14.357000,14000.281,13996.729,750,750
2021-04-18 22:01:14.466000,14000.131,13996.797,750,740
2021-04-18 22:01:14.516000,14000.151,13996.639,750,750
2021-04-18 22:01:14.627000,13999.913,13997.009,750,34
2021-04-18 22:01:14.677000,14000.431,13996.929,750,750
2021-04-18 22:01:14.872000,14000.443,13997.089,750,750
2021-04-18 22:01:14.923000,14000.511,13997.029,750,750
2021-04-18 22:01:15.032000,14000.471,13997.107,750,740
2021-04-18 22:01:15.083000,14000.421,13996.999,750,750
2021-04-18 22:01:15.192000,14000.211,13996.927,750,740
2021-04-18 22:01:15.243000,14000.001,13996.769,750,750
2021-04-18 22:01:15.481000,14000.263,13996.959,750,750
2021-04-18 22:01:15.532000,14000.431,13996.989,750,750
2021-04-18 22:01:17.321000,14000.181,13996.937,750,17
2021-04-18 22:01:17.371000,14000.131,13996.619,750,750
2021-04-18 22:01:17.538000,13999.903,13996.729,750,750
2021-04-18 22:01:17.588000,14000.011,13996.759,750,750
2021-04-18 22:01:17.859000,14000.191,13996.787,750,740
2021-04-18 22:01:17.909000,14000.171,13996.649,750,750
2021-04-18 22:01:18.433000,13999.681,13996.627,750,17
2021-04-18 22:01:18.483000,13999.711,13996.269,750,750
2021-04-18 22:01:18.592000,13999.703,13996.789,750,34
2021-04-18 22:01:18.643000,14000.081,13996.789,750,750
2021-04-18 22:01:18.752000,13999.931,13996.557,750,740
2021-04-18 22:01:18.803000,13999.971,13996.509,750,750
2021-04-18 22:01:20.381000,13999.501,13996.417,750,740
2021-04-18 22:01:20.431000,13999.691,13996.259,750,750
2021-04-18 22:01:20.541000,13999.503,13996.539,750,34
2021-04-18 22:01:20.591000,14000.051,13996.569,750,750
2021-04-18 22:01:21.376000,13999.731,13996.797,750,17
2021-04-18 22:01:21.426000,13999.771,13996.209,750,750
2021-04-18 22:01:21.537000,13999.693,13996.449,750,750
2021-04-18 22:01:21.587000,13999.971,13996.429,750,750
2021-04-18 22:01:22.245000,13999.501,13996.517,750,17
2021-04-18 22:01:22.295000,13999.781,13996.309,750,750
2021-04-18 22:01:22.404000,13998.881,13996.497,750,17
2021-04-18 22:01:22.454000,13998.881,13995.409,750,750
2021-04-18 22:01:22.812000,13998.181,13995.427,750,17
2021-04-18 22:01:22.862000,13998.121,13994.639,750,750
2021-04-18 22:01:22.975000,13997.511,13994.627,750,17
2021-04-18 22:01:23.025000,13997.311,13994.029,750,750
2021-04-18 22:01:23.133000,13997.573,13994.429,750,34
2021-04-18 22:01:23.183000,13997.921,13994.429,750,750
2021-04-18 22:01:23.715000,13997.511,13994.437,750,740
2021-04-18 22:01:23.765000,13997.791,13994.239,750,750
2021-04-18 22:01:24.052000,13997.743,13994.519,750,34
2021-04-18 22:01:24.103000,13998.081,13994.509,750,750
2021-04-18 22:01:24.321000,13997.931,13994.517,750,740
2021-04-18 22:01:24.371000,13997.891,13994.459,750,750
2021-04-18 22:01:24.482000,13997.913,13995.199,750,34
2021-04-18 22:01:24.532000,13998.211,13994.969,750,750
2021-04-18 22:01:25.286000,13998.131,13994.937,750,17
2021-04-18 22:01:25.337000,13998.091,13994.649,750,750
2021-04-18 22:01:25.705000,13998.153,13994.749,750,750
2021-04-18 22:01:25.755000,13998.221,13994.779,750,750
2021-04-18 22:01:25.874000,13998.171,13994.767,750,740
2021-04-18 22:01:25.924000,13998.151,13994.669,750,750
2021-04-18 22:01:26.546000,13997.931,13994.647,750,740
2021-04-18 22:01:26.596000,13997.941,13994.419,750,750
2021-04-18 22:01:26.866000,13997.671,13994.687,750,17
2021-04-18 22:01:26.916000,13997.691,13994.399,750,750
2021-04-18 22:01:27.188000,13997.613,13994.519,750,34
2021-04-18 22:01:27.238000,13997.971,13994.429,750,750
2021-04-18 22:01:27.456000,13997.933,13994.519,750,750
2021-04-18 22:01:27.506000,13998.051,13994.609,750,750
2021-04-18 22:01:27.617000,13997.981,13994.617,750,740
2021-04-18 22:01:27.668000,13997.961,13994.419,750,750
2021-04-18 22:01:28.220000,13997.441,13994.467,750,17
2021-04-18 22:01:28.271000,13997.391,13993.999,750,750
2021-04-18 22:01:28.379000,13997.241,13993.937,750,740
2021-04-18 22:01:28.429000,13997.251,13993.729,750,750
2021-04-18 22:01:28.539000,13997.263,13993.959,750,750
2021-04-18 22:01:28.589000,13997.381,13993.989,750,750
2021-04-18 22:01:28.702000,13997.403,13994.129,750,750
2021-04-18 22:01:28.753000,13997.601,13994.119,750,750
2021-04-18 22:01:28.858000,13997.581,13994.167,750,740
2021-04-18 22:01:28.908000,13997.581,13994.109,750,750
2021-04-18 22:01:29.218000,13997.543,13994.179,750,750
2021-04-18 22:01:29.268000,13997.681,13994.219,750,750
2021-04-18 22:01:29.444000,13997.551,13994.177,750,740
2021-04-18 22:01:29.494000,13997.511,13994.069,750,750
2021-04-18 22:01:29.603000,13997.421,13994.047,750,740
2021-04-18 22:01:29.653000,13997.461,13993.939,750,750
2021-04-18 22:01:29.763000,13997.261,13993.947,750,740
2021-04-18 22:01:29.813000,13997.281,13993.709,750,750
2021-04-18 22:01:30.793000,13997.151,13993.797,750,740
2021-04-18 22:01:30.843000,13997.161,13993.659,750,750
2021-04-18 22:01:30.953000,13997.163,13993.729,750,750
2021-04-18 22:01:31.003000,13997.291,13993.749,750,750
2021-04-18 22:01:31.141000,13997.171,13993.767,750,740
2021-04-18 22:01:31.191000,13996.901,13993.659,750,750
2021-04-18 22:01:31.924000,13997.143,13993.769,750,750
2021-04-18 22:01:31.974000,13997.271,13993.709,750,750
2021-04-18 22:01:32.085000,13997.171,13993.747,750,740
2021-04-18 22:01:32.136000,13996.911,13993.709,750,750
2021-04-18 22:01:34.658000,13996.721,13993.677,750,17
2021-04-18 22:01:34.708000,13996.721,13993.249,750,750
2021-04-18 22:01:35.205000,13996.743,13993.669,750,34
2021-04-18 22:01:35.255000,13997.131,13993.609,750,750
2021-04-18 22:01:35.366000,13996.251,13993.677,750,17
2021-04-18 22:01:35.417000,13996.181,13992.989,750,750
2021-04-18 22:01:36.151000,13996.111,13992.777,750,740
2021-04-18 22:01:36.202000,13996.121,13992.689,750,750
2021-04-18 22:01:36.926000,13995.941,13992.617,750,740
2021-04-18 22:01:36.977000,13995.921,13992.439,750,750
2021-04-18 22:01:37.248000,13995.973,13992.679,750,750
2021-04-18 22:01:37.299000,13996.091,13992.629,750,750
2021-04-18 22:01:38.210000,13996.173,13992.809,750,750
2021-04-18 22:01:38.261000,13996.191,13992.749,750,750
2021-04-18 22:01:38.371000,13996.011,13992.787,750,740
2021-04-18 22:01:38.422000,13996.071,13992.519,750,750
2021-04-18 22:01:38.532000,13996.053,13993.549,750,34
2021-04-18 22:01:38.583000,13997.011,13993.529,750,750
2021-04-18 22:01:39.045000,13996.993,13993.649,750,750
2021-04-18 22:01:39.095000,13997.081,13993.699,750,750
2021-04-18 22:01:39.201000,13997.143,13994.119,750,34
2021-04-18 22:01:39.251000,13997.521,13994.079,750,750
2021-04-18 22:01:39.359000,13997.583,13994.219,750,750
2021-04-18 22:01:39.410000,13997.741,13994.489,750,750
2021-04-18 22:01:39.859000,13997.511,13994.207,750,740
2021-04-18 22:01:39.909000,13997.301,13994.119,750,750
2021-04-18 22:01:40.021000,13997.391,13994.087,750,740
2021-04-18 22:01:40.071000,13997.441,13993.919,750,750
2021-04-18 22:01:40.178000,13997.453,13994.159,750,750
2021-04-18 22:01:40.229000,13997.611,13994.189,750,750
2021-04-18 22:01:40.404000,13997.653,13994.219,750,750
2021-04-18 22:01:40.454000,13997.751,13994.269,750,750
2021-04-18 22:01:40.562000,13997.773,13994.429,750,750
2021-04-18 22:01:40.612000,13997.711,13994.449,750,750
2021-04-18 22:01:40.723000,13997.731,13994.507,750,17
2021-04-18 22:01:40.773000,13997.681,13994.209,750,750
2021-04-18 22:01:41.402000,13997.601,13994.207,750,740
2021-04-18 22:01:41.452000,13997.661,13994.129,750,750
2021-04-18 22:01:41.776000,13997.593,13994.269,750,750
2021-04-18 22:01:41.827000,13997.721,13994.319,750,750
2021-04-18 22:01:42.392000,13997.601,13994.497,750,17
2021-04-18 22:01:42.442000,13997.601,13994.189,750,750
2021-04-18 22:01:42.551000,13997.653,13994.789,750,34
2021-04-18 22:01:42.602000,13997.981,13994.579,750,750
2021-04-18 22:01:42.959000,13998.023,13995.489,750,34
2021-04-18 22:01:43.010000,13998.741,13995.239,750,750
2021-04-18 22:01:43.119000,13998.763,13995.519,750,34
2021-04-18 22:01:43.170000,13999.011,13995.569,750,750
2021-04-18 22:01:43.462000,13998.681,13995.587,750,17
2021-04-18 22:01:43.512000,13998.501,13995.289,750,750
2021-04-18 22:01:43.844000,13998.641,13995.207,750,740
2021-04-18 22:01:43.894000,13998.681,13995.139,750,750
2021-04-18 22:01:44.005000,13998.593,13995.499,750,34
2021-04-18 22:01:44.055000,13998.741,13995.239,750,750
2021-04-18 22:01:44.970000,13998.693,13995.459,750,750
2021-04-18 22:01:45.021000,13998.931,13995.509,750,750
2021-04-18 22:01:45.823000,13998.741,13995.437,750,740
2021-04-18 22:01:45.873000,13998.731,13995.269,750,750
2021-04-18 22:01:46.155000,13998.561,13995.277,750,740
2021-04-18 22:01:46.205000,13998.511,13995.049,750,750
2021-04-18 22:01:46.315000,13998.481,13995.107,750,740
2021-04-18 22:01:46.365000,13998.451,13994.939,750,750
2021-04-18 22:01:46.566000,13998.431,13995.307,750,17
2021-04-18 22:01:46.616000,13998.721,13995.269,750,750
2021-04-18 22:01:46.725000,13998.641,13995.307,750,740
2021-04-18 22:01:46.775000,13998.641,13995.219,750,750
2021-04-18 22:01:46.985000,13998.571,13995.207,750,740
2021-04-18 22:01:47.035000,13998.581,13995.069,750,750
2021-04-18 22:01:47.146000,13998.431,13995.087,750,740
2021-04-18 22:01:47.196000,13998.391,13994.989,750,750
2021-04-18 22:01:47.377000,13998.413,13995.269,750,34
2021-04-18 22:01:47.427000,13998.761,13995.279,750,750
2021-04-18 22:01:47.696000,13998.471,13995.217,750,17
2021-04-18 22:01:47.747000,13998.481,13994.959,750,750
2021-04-18 22:01:47.857000,13998.291,13994.997,750,740
2021-04-18 22:01:47.908000,13998.211,13994.819,750,750
2021-04-18 22:01:48.382000,13998.243,13994.959,750,750
2021-04-18 22:01:48.432000,13998.421,13994.919,750,750
2021-04-18 22:01:48.543000,13998.441,13995.017,750,740
2021-04-18 22:01:48.593000,13998.301,13995.109,750,750
2021-04-18 22:01:48.701000,13998.211,13995.067,750,17
2021-04-18 22:01:48.752000,13998.221,13994.819,750,750
2021-04-18 22:01:48.861000,13998.253,13994.919,750,750
2021-04-18 22:01:48.912000,13998.201,13994.989,750,750
2021-04-18 22:01:49.467000,13998.241,13995.197,750,17
2021-04-18 22:01:49.518000,13998.281,13994.999,750,750
2021-04-18 22:01:49.628000,13998.273,13995.079,750,34
2021-04-18 22:01:49.678000,13998.561,13995.109,750,750
2021-04-18 22:01:49.947000,13998.543,13995.239,750,750
2021-04-18 22:01:49.997000,13998.691,13995.259,750,750
2021-04-18 22:01:50.107000,13998.703,13995.599,750,34
2021-04-18 22:01:50.157000,13998.991,13995.539,750,750
2021-04-18 22:01:50.268000,13998.431,13995.537,750,17
2021-04-18 22:01:50.318000,13998.441,13994.949,750,750
2021-04-18 22:01:50.427000,13997.631,13995.007,750,17
2021-04-18 22:01:50.477000,13997.681,13994.209,750,750
2021-04-18 22:01:50.747000,13997.613,13994.659,750,34
2021-04-18 22:01:50.797000,13998.161,13994.609,750,750
2021-04-18 22:01:50.945000,13997.771,13994.667,750,17
2021-04-18 22:01:50.995000,13997.711,13994.229,750,750
2021-04-18 22:01:51.105000,13997.783,13994.639,750,34
2021-04-18 22:01:51.155000,13998.181,13994.889,750,750
2021-04-18 22:01:51.764000,13997.913,13994.809,750,750
2021-04-18 22:01:51.814000,13998.251,13994.739,750,750
2021-04-18 22:01:51.924000,13998.183,13995.449,750,34
2021-04-18 22:01:51.975000,13998.931,13995.439,750,750
2021-04-18 22:01:52.083000,13998.121,13995.437,750,17
2021-04-18 22:01:52.133000,13998.161,13994.629,750,750
2021-04-18 22:01:52.993000,13998.101,13994.777,750,740
2021-04-18 22:01:53.043000,13998.251,13994.749,750,750
2021-04-18 22:01:53.343000,13998.243,13995.299,750,34
2021-04-18 22:01:53.393000,13998.501,13995.119,750,750
2021-04-18 22:01:53.499000,13998.503,13995.419,750,34
2021-04-18 22:01:53.549000,13998.921,13995.499,750,750
2021-04-18 22:01:53.820000,13998.511,13995.447,750,17
2021-04-18 22:01:53.870000,13998.501,13995.109,750,750
2021-04-18 22:01:53.979000,13998.563,13995.139,750,750
2021-04-18 22:01:54.030000,13998.401,13995.139,750,750
2021-04-18 22:01:54.559000,13998.673,13995.299,750,750
2021-04-18 22:01:54.610000,13998.691,13995.489,750,750
2021-04-18 22:01:55.926000,13998.481,13995.487,750,17
2021-04-18 22:01:55.976000,13998.561,13995.049,750,750
2021-04-18 22:01:56.084000,13998.101,13995.097,750,17
2021-04-18 22:01:56.135000,13998.141,13994.639,750,750
2021-04-18 22:01:56.644000,13998.093,13994.739,750,750
2021-04-18 22:01:56.695000,13998.211,13994.739,750,750
2021-04-18 22:01:58.686000,13998.263,13995.119,750,34
2021-04-18 22:01:58.736000,13998.671,13995.209,750,750
2021-04-18 22:01:59.274000,13998.301,13995.147,750,740
2021-04-18 22:01:59.325000,13998.481,13995.019,750,750
2021-04-18 22:01:59.434000,13997.981,13995.107,750,17
2021-04-18 22:01:59.484000,13997.941,13994.459,750,750
2021-04-18 22:01:59.594000,13997.641,13994.507,750,17
2021-04-18 22:01:59.644000,13997.681,13994.139,750,750
2021-04-18 22:02:00.765000,13997.011,13994.187,750,17
2021-04-18 22:02:00.815000,13997.261,13993.799,750,750
2021-04-18 22:02:00.926000,13996.511,13993.987,750,17
2021-04-18 22:02:00.976000,13996.711,13993.489,750,750
2021-04-18 22:02:01.962000,13996.251,13993.207,750,17
2021-04-18 22:02:02.012000,13996.221,13992.779,750,750
2021-04-18 22:02:02.314000,13996.003,13993.269,750,34
2021-04-18 22:02:02.365000,13996.691,13993.239,750,750
2021-04-18 22:02:02.473000,13995.631,13993.267,750,17
2021-04-18 22:02:02.524000,13995.671,13992.389,750,750
2021-04-18 22:02:02.966000,13995.593,13992.509,750,34
2021-04-18 22:02:03.016000,13995.981,13992.429,750,750
2021-04-18 22:02:05.961000,13995.771,13992.507,750,17
2021-04-18 22:02:06.012000,13995.711,13992.259,750,750
2021-04-18 22:02:07.028000,13995.601,13992.217,750,740
2021-04-18 22:02:07.078000,13995.611,13992.389,750,750
2021-04-18 22:02:07.704000,13995.593,13992.509,750,34
2021-04-18 22:02:07.754000,13995.701,13992.419,750,750
2021-04-18 22:02:07.863000,13995.781,13992.477,750,740
2021-04-18 22:02:07.913000,13995.681,13992.289,750,750
2021-04-18 22:02:08.436000,13995.631,13992.227,750,740
2021-04-18 22:02:08.486000,13995.691,13992.129,750,750
2021-04-18 22:02:08.596000,13994.971,13992.127,750,17
2021-04-18 22:02:08.646000,13994.901,13991.479,750,750
2021-04-18 22:02:09.085000,13994.541,13991.457,750,17
2021-04-18 22:02:09.135000,13994.561,13991.029,750,750
2021-04-18 22:02:09.246000,13994.583,13991.189,750,750
2021-04-18 22:02:09.296000,13994.611,13991.129,750,750
2021-04-18 22:02:09.405000,13994.603,13991.249,750,750
2021-04-18 22:02:09.456000,13994.751,13991.249,750,750
2021-04-18 22:02:09.565000,13994.743,13991.599,750,34
2021-04-18 22:02:09.615000,13995.041,13991.549,750,750
2021-04-18 22:02:09.997000,13994.691,13991.557,750,17
2021-04-18 22:02:10.047000,13994.721,13991.309,750,750
2021-04-18 22:02:10.409000,13994.651,13991.217,750,740
2021-04-18 22:02:10.459000,13994.651,13991.209,750,750
2021-04-18 22:02:10.567000,13994.413,13991.579,750,34
2021-04-18 22:02:10.618000,13994.981,13991.579,750,750
2021-04-18 22:02:11.042000,13994.701,13991.517,750,740
2021-04-18 22:02:11.093000,13994.891,13991.439,750,750
2021-04-18 22:02:11.265000,13994.751,13991.487,750,740
2021-04-18 22:02:11.316000,13994.701,13991.499,750,750
2021-04-18 22:02:11.829000,13994.703,13991.509,750,34
2021-04-18 22:02:11.880000,13994.951,13991.429,750,750
2021-04-18 22:02:11.990000,13994.771,13991.407,750,740
2021-04-18 22:02:12.040000,13994.781,13991.279,750,750
2021-04-18 22:02:12.394000,13994.611,13991.247,750,740
2021-04-18 22:02:12.444000,13994.591,13991.139,750,750
2021-04-18 22:02:12.554000,13994.603,13991.479,750,34
2021-04-18 22:02:12.604000,13994.711,13991.509,750,750
2021-04-18 22:02:12.714000,13994.721,13991.467,750,740
2021-04-18 22:02:12.764000,13994.701,13991.289,750,750
2021-04-18 22:02:12.875000,13994.631,13991.487,750,17
2021-04-18 22:02:12.925000,13994.601,13991.209,750,750
2021-04-18 22:02:13.039000,13994.531,13991.197,750,740
2021-04-18 22:02:13.089000,13994.591,13991.059,750,750
2021-04-18 22:02:13.893000,13994.441,13991.057,750,740
2021-04-18 22:02:13.944000,13994.411,13990.939,750,750
2021-04-18 22:02:15.198000,13994.403,13991.269,750,34
2021-04-18 22:02:15.248000,13994.751,13991.499,750,750
2021-04-18 22:02:16.572000,13994.793,13992.099,750,34
2021-04-18 22:02:16.622000,13995.551,13992.299,750,750
2021-04-18 22:02:16.891000,13995.563,13992.189,750,750
2021-04-18 22:02:16.941000,13995.411,13992.199,750,750
2021-04-18 22:02:17.051000,13995.401,13992.207,750,17
2021-04-18 22:02:17.101000,13995.391,13992.019,750,750
2021-04-18 22:02:17.212000,13994.901,13991.977,750,17
2021-04-18 22:02:17.262000,13995.101,13991.679,750,750
2021-04-18 22:02:17.584000,13995.183,13991.739,750,750
2021-04-18 22:02:17.634000,13995.291,13991.809,750,750
2021-04-18 22:02:17.723000,13995.151,13991.817,750,740
2021-04-18 22:02:17.773000,13995.101,13991.679,750,750
2021-04-18 22:02:18.701000,13995.143,13991.989,750,34
2021-04-18 22:02:18.751000,13995.271,13991.799,750,750
2021-04-18 22:02:19.067000,13994.781,13991.797,750,17
2021-04-18 22:02:19.118000,13994.691,13991.289,750,750
2021-04-18 22:02:20.010000,13994.713,13991.759,750,34
2021-04-18 22:02:20.060000,13995.231,13991.789,750,750
2021-04-18 22:02:20.169000,13995.223,13992.099,750,34
2021-04-18 22:02:20.219000,13995.311,13992.019,750,750
2021-04-18 22:02:20.333000,13995.313,13992.319,750,34
2021-04-18 22:02:20.383000,13995.511,13992.499,750,750
2021-04-18 22:02:21.012000,13995.783,13993.199,750,34
2021-04-18 22:02:21.062000,13996.471,13992.939,750,750
2021-04-18 22:02:21.854000,13996.403,13993.209,750,34
2021-04-18 22:02:21.905000,13996.611,13993.199,750,750
2021-04-18 22:02:22.177000,13996.481,13993.197,750,740
2021-04-18 22:02:22.227000,13996.491,13992.979,750,750
2021-04-18 22:02:22.439000,13996.211,13993.087,750,740
2021-04-18 22:02:22.489000,13996.511,13993.109,750,750
2021-04-18 22:02:22.599000,13996.573,13993.149,750,750
2021-04-18 22:02:22.649000,13996.671,13993.169,750,750
2021-04-18 22:02:22.758000,13996.633,13993.299,750,750
2021-04-18 22:02:22.809000,13996.741,13993.309,750,750
2021-04-18 22:02:22.918000,13996.641,13993.237,750,740
2021-04-18 22:02:22.969000,13996.671,13993.119,750,750
2021-04-18 22:02:23.868000,13996.271,13993.397,750,17
2021-04-18 22:02:23.918000,13996.281,13992.779,750,750
2021-04-18 22:02:24.028000,13996.031,13992.727,750,740
2021-04-18 22:02:24.078000,13996.061,13992.789,750,750
2021-04-18 22:02:24.809000,13995.501,13992.557,750,17
2021-04-18 22:02:24.859000,13995.681,13992.239,750,750
2021-04-18 22:02:25.508000,13995.503,13992.539,750,34
2021-04-18 22:02:25.558000,13995.991,13992.619,750,750
2021-04-18 22:02:26.116000,13995.951,13992.547,750,740
2021-04-18 22:02:26.166000,13995.901,13992.499,750,750
2021-04-18 22:02:26.925000,13995.513,13992.419,750,750
2021-04-18 22:02:26.976000,13995.741,13992.489,750,750
2021-04-18 22:02:27.085000,13995.773,13992.689,750,34
2021-04-18 22:02:27.135000,13995.951,13992.459,750,750
2021-04-18 22:02:28.286000,13995.903,13992.709,750,34
2021-04-18 22:02:28.336000,13996.101,13992.629,750,750
2021-04-18 22:02:28.446000,13996.083,13992.729,750,750
2021-04-18 22:02:28.496000,13996.201,13992.779,750,750
2021-04-18 22:02:30.366000,13996.233,13993.049,750,34
2021-04-18 22:02:30.416000,13996.481,13993.079,750,750
2021-04-18 22:02:30.970000,13996.191,13993.097,750,17
2021-04-18 22:02:31.020000,13996.171,13992.629,750,750
2021-04-18 22:02:31.470000,13996.183,13993.119,750,34
2021-04-18 22:02:31.521000,13996.411,13993.139,750,750
2021-04-18 22:02:32.453000,13996.521,13993.167,750,740
2021-04-18 22:02:32.504000,13996.301,13993.059,750,750
2021-04-18 22:02:33.298000,13996.513,13993.399,750,34
2021-04-18 22:02:33.349000,13996.591,13993.159,750,750
2021-04-18 22:02:33.458000,13996.693,13994.199,750,34
2021-04-18 22:02:33.509000,13997.411,13994.179,750,750
2021-04-18 22:02:34.469000,13997.521,13994.127,750,740
2021-04-18 22:02:34.519000,13997.531,13994.289,750,750
2021-04-18 22:02:35.457000,13996.911,13994.107,750,17
2021-04-18 22:02:35.507000,13997.171,13993.699,750,750
2021-04-18 22:02:35.618000,13997.133,13994.389,750,34
2021-04-18 22:02:35.668000,13997.641,13994.189,750,750
2021-04-18 22:02:35.827000,13997.521,13994.147,750,740
2021-04-18 22:02:35.878000,13997.511,13994.099,750,750
2021-04-18 22:02:35.987000,13997.553,13994.209,750,750
2021-04-18 22:02:36.038000,13997.671,13994.119,750,750
2021-04-18 22:02:36.683000,13997.603,13994.699,750,34
2021-04-18 22:02:36.734000,13997.981,13994.429,750,750
2021-04-18 22:02:37.161000,13997.943,13994.989,750,34
2021-04-18 22:02:37.212000,13998.271,13994.789,750,750
2021-04-18 22:02:37.319000,13998.091,13994.987,750,17
2021-04-18 22:02:37.369000,13998.081,13994.609,750,750
2021-04-18 22:02:38.624000,13998.023,13994.709,750,750
2021-04-18 22:02:38.675000,13998.011,13994.739,750,750
2021-04-18 22:02:39.495000,13998.001,13994.777,750,740
2021-04-18 22:02:39.545000,13997.981,13994.579,750,750
2021-04-18 22:02:39.653000,13997.711,13994.557,750,740
2021-04-18 22:02:39.703000,13997.981,13994.509,750,750
2021-04-18 22:02:40.471000,13997.721,13994.467,750,740
2021-04-18 22:02:40.522000,13997.501,13994.239,750,750
2021-04-18 22:02:40.630000,13997.611,13994.287,750,740
2021-04-18 22:02:40.681000,13997.671,13994.169,750,750
2021-04-18 22:02:41.014000,13997.623,13994.309,750,750
2021-04-18 22:02:41.064000,13997.711,13994.309,750,750
2021-04-18 22:02:41.488000,13997.211,13994.267,750,17
2021-04-18 22:02:41.538000,13997.471,13993.929,750,750
2021-04-18 22:02:42.016000,13997.213,13994.309,750,34
2021-04-18 22:02:42.066000,13997.791,13994.259,750,750
2021-04-18 22:02:42.485000,13997.693,13994.479,750,750
2021-04-18 22:02:42.536000,13997.901,13994.489,750,750
2021-04-18 22:02:44.154000,13997.601,13994.507,750,17
2021-04-18 22:02:44.204000,13997.611,13994.389,750,750
2021-04-18 22:02:44.486000,13997.431,13994.187,750,740
2021-04-18 22:02:44.537000,13997.481,13994.189,750,750
2021-04-18 22:02:44.785000,13997.191,13993.977,750,740
2021-04-18 22:02:44.835000,13997.251,13993.729,750,750
2021-04-18 22:02:44.945000,13997.283,13993.989,750,750
2021-04-18 22:02:44.996000,13997.441,13994.009,750,750
2021-04-18 22:02:45.488000,13997.181,13993.947,750,17
2021-04-18 22:02:45.538000,13997.141,13993.699,750,750
2021-04-18 22:02:45.982000,13997.143,13993.759,750,750
2021-04-18 22:02:46.032000,13997.261,13993.779,750,750
2021-04-18 22:02:46.140000,13997.243,13994.459,750,34
2021-04-18 22:02:46.191000,13997.971,13994.469,750,750
2021-04-18 22:02:46.905000,13997.711,13994.417,750,740
2021-04-18 22:02:46.956000,13997.761,13994.289,750,750
2021-04-18 22:02:47.062000,13997.773,13994.449,750,750
2021-04-18 22:02:47.113000,13997.981,13994.409,750,750
2021-04-18 22:02:47.748000,13997.501,13994.457,750,740
2021-04-18 22:02:47.798000,13997.701,13994.209,750,750
2021-04-18 22:02:48.229000,13997.703,13994.619,750,34
2021-04-18 22:02:48.279000,13998.061,13994.569,750,750
2021-04-18 22:02:48.389000,13998.033,13994.749,750,750
2021-04-18 22:02:48.439000,13998.231,13994.779,750,750
2021-04-18 22:02:50.378000,13998.161,13994.737,750,740
2021-04-18 22:02:50.428000,13998.161,13994.699,750,750
2021-04-18 22:02:50.537000,13997.913,13994.819,750,750
2021-04-18 22:02:50.588000,13998.241,13994.779,750,750
2021-04-18 22:02:50.837000,13997.911,13994.717,750,740
2021-04-18 22:02:50.887000,13998.131,13994.709,750,750
2021-04-18 22:02:53.261000,13998.093,13994.729,750,750
2021-04-18 22:02:53.311000,13998.191,13994.799,750,750
2021-04-18 22:02:55.065000,13998.263,13995.069,750,34
2021-04-18 22:02:55.115000,13998.561,13995.059,750,750
2021-04-18 22:02:56.142000,13998.483,13995.159,750,750
2021-04-18 22:02:56.192000,13998.681,13995.399,750,750
2021-04-18 22:02:57.614000,13998.481,13995.137,750,740
2021-04-18 22:02:57.664000,13998.211,13995.009,750,750
2021-04-18 22:02:58.239000,13998.203,13994.959,750,750
2021-04-18 22:02:58.289000,13998.251,13994.719,750,750
2021-04-18 22:02:58.663000,13998.263,13994.949,750,750
2021-04-18 22:02:58.713000,13998.471,13994.959,750,750
2021-04-18 22:02:58.823000,13998.463,13995.119,750,750
2021-04-18 22:02:58.874000,13998.511,13995.079,750,750
2021-04-18 22:03:00.188000,13998.553,13995.129,750,750
2021-04-18 22:03:00.238000,13998.631,13995.179,750,750
2021-04-18 22:03:00.508000,13998.663,13995.269,750,750
2021-04-18 22:03:00.559000,13998.771,13995.299,750,750
2021-04-18 22:03:04.845000,13998.291,13995.287,750,17
2021-04-18 22:03:04.895000,13998.201,13994.759,750,750
2021-04-18 22:03:05.465000,13998.243,13994.999,750,34
2021-04-18 22:03:05.515000,13998.441,13994.929,750,750
2021-04-18 22:03:05.626000,13998.463,13995.049,750,750
2021-04-18 22:03:05.677000,13998.511,13995.039,750,750
2021-04-18 22:03:06.202000,13998.543,13995.139,750,750
2021-04-18 22:03:06.252000,13998.651,13995.139,750,750
2021-04-18 22:03:06.363000,13998.633,13995.309,750,750
2021-04-18 22:03:06.413000,13998.741,13995.289,750,750
2021-04-18 22:03:07.480000,13998.641,13995.297,750,740
2021-04-18 22:03:07.530000,13998.691,13995.399,750,750
2021-04-18 22:03:09.044000,13998.501,13995.217,750,740
2021-04-18 22:03:09.094000,13998.571,13995.089,750,750
2021-04-18 22:03:09.203000,13998.391,13995.037,750,740
2021-04-18 22:03:09.253000,13998.401,13994.989,750,750
2021-04-18 22:03:09.645000,13998.413,13995.099,750,750
2021-04-18 22:03:09.696000,13998.501,13995.089,750,750
2021-04-18 22:03:09.807000,13998.461,13995.087,750,740
2021-04-18 22:03:09.857000,13998.401,13994.919,750,750
2021-04-18 22:03:10.355000,13998.393,13995.099,750,750
2021-04-18 22:03:10.405000,13998.511,13995.119,750,750
2021-04-18 22:03:10.516000,13998.391,13995.027,750,740
2021-04-18 22:03:10.567000,13998.431,13994.969,750,750
2021-04-18 22:03:11.272000,13998.221,13994.927,750,740
2021-04-18 22:03:11.322000,13998.271,13994.739,750,750
2021-04-18 22:03:12.099000,13998.283,13994.999,750,34
2021-04-18 22:03:12.149000,13998.411,13994.949,750,750
2021-04-18 22:03:12.258000,13998.203,13995.019,750,750
2021-04-18 22:03:12.309000,13998.301,13995.019,750,750
2021-04-18 22:03:13.218000,13998.201,13995.067,750,17
2021-04-18 22:03:13.268000,13998.231,13994.799,750,750
2021-04-18 22:03:13.378000,13998.283,13995.019,750,34
2021-04-18 22:03:13.428000,13998.561,13995.069,750,750
2021-04-18 22:03:13.634000,13998.543,13995.159,750,750
2021-04-18 22:03:13.685000,13998.601,13995.159,750,750
2021-04-18 22:03:14.776000,13998.031,13995.127,750,17
2021-04-18 22:03:14.826000,13998.071,13994.579,750,750
2021-04-18 22:03:15.237000,13997.891,13994.547,750,740
2021-04-18 22:03:15.288000,13997.971,13994.509,750,750
2021-04-18 22:03:17.081000,13997.691,13994.417,750,740
2021-04-18 22:03:17.131000,13997.771,13994.229,750,750
2021-04-18 22:03:17.241000,13997.411,13994.207,750,740
2021-04-18 22:03:17.291000,13997.591,13994.189,750,750
2021-04-18 22:03:17.402000,13997.613,13994.409,750,34
2021-04-18 22:03:17.452000,13997.961,13994.479,750,750
2021-04-18 22:03:18.029000,13997.701,13994.687,750,17
2021-04-18 22:03:18.080000,13997.501,13994.249,750,750
2021-04-18 22:03:19.615000,13997.763,13994.489,750,750
2021-04-18 22:03:19.665000,13997.911,13994.459,750,750
2021-04-18 22:03:19.775000,13997.953,13994.809,750,34
2021-04-18 22:03:19.825000,13998.201,13994.999,750,750
2021-04-18 22:03:21.172000,13998.283,13995.029,750,34
2021-04-18 22:03:21.222000,13998.541,13995.089,750,750
2021-04-18 22:03:21.955000,13998.431,13995.017,750,740
2021-04-18 22:03:22.005000,13998.411,13994.909,750,750
2021-04-18 22:03:22.369000,13998.271,13994.997,750,17
2021-04-18 22:03:22.419000,13998.221,13994.809,750,750
2021-04-18 22:03:22.528000,13998.213,13995.019,750,34
2021-04-18 22:03:22.578000,13998.461,13995.019,750,750
2021-04-18 22:03:25.732000,13998.091,13994.967,750,17
2021-04-18 22:03:25.782000,13998.101,13994.689,750,750
2021-04-18 22:03:26.317000,13998.143,13994.789,750,750
2021-04-18 22:03:26.367000,13998.221,13994.739,750,750
2021-04-18 22:03:26.692000,13998.253,13995.199,750,34
2021-04-18 22:03:26.742000,13998.441,13995.019,750,750
2021-04-18 22:03:30.285000,13998.091,13994.967,750,17
2021-04-18 22:03:30.336000,13997.901,13994.889,750,750
2021-04-18 22:03:30.455000,13997.963,13994.609,750,750
2021-04-18 22:03:30.505000,13997.701,13994.519,750,750
2021-04-18 22:03:30.616000,13997.943,13994.589,750,750
2021-04-18 22:03:30.666000,13998.071,13994.569,750,750
2021-04-18 22:03:30.776000,13997.961,13994.577,750,740
2021-04-18 22:03:30.826000,13997.931,13994.479,750,750
2021-04-18 22:03:31.123000,13997.681,13994.437,750,740
2021-04-18 22:03:31.174000,13997.771,13994.299,750,750
2021-04-18 22:03:31.290000,13997.783,13994.569,750,34
2021-04-18 22:03:31.341000,13997.981,13994.539,750,750
2021-04-18 22:03:31.463000,13997.983,13994.779,750,750
2021-04-18 22:03:31.514000,13998.211,13994.739,750,750
2021-04-18 22:03:32.567000,13998.233,13994.929,750,750
2021-04-18 22:03:32.617000,13998.391,13994.919,750,750
2021-04-18 22:03:33.110000,13998.483,13995.049,750,750
2021-04-18 22:03:33.160000,13998.571,13995.069,750,750
2021-04-18 22:03:33.370000,13998.493,13995.209,750,750
2021-04-18 22:03:33.421000,13998.741,13995.209,750,750
2021-04-18 22:03:33.524000,13998.773,13995.509,750,34
2021-04-18 22:03:33.574000,13998.921,13995.489,750,750
2021-04-18 22:03:34.946000,13998.411,13995.417,750,17
2021-04-18 22:03:34.996000,13998.621,13995.189,750,750
2021-04-18 22:03:35.110000,13998.391,13995.167,750,740
2021-04-18 22:03:35.160000,13998.461,13994.979,750,750
2021-04-18 22:03:36.173000,13998.433,13995.189,750,750
2021-04-18 22:03:36.223000,13998.671,13995.209,750,750
2021-04-18 22:03:36.621000,13998.481,13995.207,750,740
2021-04-18 22:03:36.671000,13998.521,13995.059,750,750
2021-04-18 22:03:36.782000,13998.583,13995.139,750,750
2021-04-18 22:03:36.833000,13998.641,13995.209,750,750
2021-04-18 22:03:37.592000,13998.411,13995.147,750,740
2021-04-18 22:03:37.642000,13998.431,13994.969,750,750
2021-04-18 22:03:37.751000,13998.211,13994.967,750,740
2021-04-18 22:03:37.802000,13998.181,13994.759,750,750
2021-04-18 22:03:39.224000,13998.233,13994.949,750,750
2021-04-18 22:03:39.275000,13998.421,13994.969,750,750
2021-04-18 22:03:39.617000,13998.403,13995.209,750,34
2021-04-18 22:03:39.667000,13998.591,13995.209,750,750
2021-04-18 22:03:40.143000,13998.541,13995.387,750,17
2021-04-18 22:03:40.194000,13998.521,13995.289,750,750
2021-04-18 22:03:40.303000,13998.481,13995.047,750,740
2021-04-18 22:03:40.354000,13998.481,13995.009,750,750
2021-04-18 22:03:40.623000,13998.181,13994.937,750,17
2021-04-18 22:03:40.673000,13998.091,13994.689,750,750
2021-04-18 22:03:41.230000,13998.163,13994.989,750,34
2021-04-18 22:03:41.280000,13998.451,13994.969,750,750
2021-04-18 22:03:41.389000,13998.241,13994.967,750,740
2021-04-18 22:03:41.439000,13998.001,13994.809,750,750
2021-04-18 22:03:41.550000,13998.193,13995.189,750,34
2021-04-18 22:03:41.601000,13998.671,13995.109,750,750
2021-04-18 22:03:41.710000,13998.461,13995.167,750,740
2021-04-18 22:03:41.761000,13998.441,13994.929,750,750
2021-04-18 22:03:42.104000,13998.403,13995.019,750,750
2021-04-18 22:03:42.154000,13998.571,13995.099,750,750
2021-04-18 22:03:43.255000,13998.271,13995.107,750,17
2021-04-18 22:03:43.306000,13998.291,13994.799,750,750
2021-04-18 22:03:43.416000,13998.071,13994.817,750,17
2021-04-18 22:03:43.466000,13997.801,13994.589,750,750
2021-04-18 22:03:44.084000,13998.013,13994.689,750,750
2021-04-18 22:03:44.134000,13998.191,13994.689,750,750
2021-04-18 22:03:44.245000,13997.641,13994.887,750,17
2021-04-18 22:03:44.295000,13997.681,13994.159,750,750
2021-04-18 22:03:44.406000,13997.683,13994.689,750,34
2021-04-18 22:03:44.456000,13997.961,13994.449,750,750
2021-04-18 22:03:44.564000,13997.973,13994.539,750,750
2021-04-18 22:03:44.615000,13998.001,13994.599,750,750
2021-04-18 22:03:44.885000,13998.063,13994.719,750,750
2021-04-18 22:03:44.935000,13998.221,13994.759,750,750
2021-04-18 22:03:45.814000,13998.111,13994.747,750,740
2021-04-18 22:03:45.865000,13998.081,13994.649,750,750
2021-04-18 22:03:46.653000,13998.153,13995.519,750,34
2021-04-18 22:03:46.703000,13998.931,13995.469,750,750
2021-04-18 22:03:46.813000,13998.983,13995.529,750,750
2021-04-18 22:03:46.863000,13998.981,13995.519,750,750
2021-04-18 22:03:47.128000,13998.631,13995.577,750,17
2021-04-18 22:03:47.179000,13998.681,13995.399,750,750
2021-04-18 22:03:47.288000,13998.521,13995.197,750,740
2021-04-18 22:03:47.338000,13998.561,13995.019,750,750
2021-04-18 22:03:47.656000,13998.553,13995.459,750,34
2021-04-18 22:03:47.707000,13998.941,13995.479,750,750
2021-04-18 22:03:48.323000,13998.721,13995.487,750,740
2021-04-18 22:03:48.373000,13998.781,13995.299,750,750
2021-04-18 22:03:49.202000,13998.751,13995.457,750,740
2021-04-18 22:03:49.252000,13998.891,13995.439,750,750
2021-04-18 22:03:49.358000,13998.511,13995.487,750,740
2021-04-18 22:03:49.409000,13998.761,13995.229,750,750
2021-04-18 22:03:49.519000,13998.591,13995.277,750,740
2021-04-18 22:03:49.569000,13998.501,13995.029,750,750
2021-04-18 22:03:50.524000,13998.583,13995.169,750,750
2021-04-18 22:03:50.575000,13998.691,13995.139,750,750
2021-04-18 22:03:50.688000,13998.541,13995.207,750,740
2021-04-18 22:03:50.738000,13998.491,13995.089,750,750
2021-04-18 22:03:50.844000,13998.431,13995.017,750,740
2021-04-18 22:03:50.894000,13998.211,13994.999,750,750
2021-04-18 22:03:51.512000,13998.463,13995.039,750,750
2021-04-18 22:03:51.563000,13998.511,13995.089,750,750
2021-04-18 22:03:51.672000,13998.583,13995.169,750,750
2021-04-18 22:03:51.722000,13998.601,13995.149,750,750
2021-04-18 22:03:51.831000,13998.673,13995.239,750,750
2021-04-18 22:03:51.882000,13998.731,13995.489,750,750
2021-04-18 22:03:52.523000,13998.591,13995.247,750,740
2021-04-18 22:03:52.574000,13998.591,13995.169,750,750
2021-04-18 22:03:52.680000,13998.471,13995.167,750,740
2021-04-18 22:03:52.731000,13998.481,13995.019,750,750
2021-04-18 22:03:53.481000,13998.483,13995.219,750,34
2021-04-18 22:03:53.531000,13998.601,13995.169,750,750
2021-04-18 22:03:53.795000,13998.541,13995.157,750,740
2021-04-18 22:03:53.845000,13998.301,13995.069,750,750
2021-04-18 22:03:54.210000,13998.421,13995.067,750,740
2021-04-18 22:03:54.261000,13998.411,13994.999,750,750
2021-04-18 22:03:55.327000,13998.271,13994.967,750,740
2021-04-18 22:03:55.377000,13998.241,13994.789,750,750
2021-04-18 22:03:55.487000,13998.131,13994.737,750,740
2021-04-18 22:03:55.537000,13998.131,13994.889,750,750
2021-04-18 22:03:56.617000,13998.183,13994.989,750,34
2021-04-18 22:03:56.668000,13998.461,13994.969,750,750
2021-04-18 22:03:56.891000,13998.213,13995.029,750,750
2021-04-18 22:03:56.941000,13998.491,13995.299,750,750
2021-04-18 22:03:57.050000,13998.573,13995.119,750,750
2021-04-18 22:03:57.100000,13998.401,13995.149,750,750
2021-04-18 22:03:57.446000,13998.591,13995.127,750,740
2021-04-18 22:03:57.496000,13998.501,13995.039,750,750
2021-04-18 22:03:57.607000,13998.573,13995.209,750,750
2021-04-18 22:03:57.657000,13998.621,13995.209,750,750
2021-04-18 22:03:58.089000,13998.653,13995.239,750,750
2021-04-18 22:03:58.139000,13998.781,13995.239,750,750
2021-04-18 22:03:58.437000,13998.541,13995.497,750,17
2021-04-18 22:03:58.488000,13998.521,13995.079,750,750
2021-04-18 22:03:58.775000,13998.563,13995.109,750,750
2021-04-18 22:03:58.826000,13998.641,13995.119,750,750
2021-04-18 22:03:59.290000,13998.491,13995.157,750,740
2021-04-18 22:03:59.341000,13998.421,13994.909,750,750
2021-04-18 22:03:59.655000,13998.393,13995.279,750,34
2021-04-18 22:03:59.705000,13998.501,13995.279,750,750
2021-04-18 22:04:00.560000,13998.723,13995.469,750,750
2021-04-18 22:04:00.610000,13998.701,13995.439,750,750
2021-04-18 22:04:00.719000,13998.631,13995.687,750,17
2021-04-18 22:04:00.770000,13998.661,13995.389,750,750
2021-04-18 22:04:01.375000,13998.441,13995.107,750,740
2021-04-18 22:04:01.425000,13998.451,13994.939,750,750
2021-04-18 22:04:01.606000,13998.181,13994.927,750,17
2021-04-18 22:04:01.656000,13998.121,13994.619,750,750
2021-04-18 22:04:01.928000,13998.083,13994.939,750,34
2021-04-18 22:04:01.979000,13998.391,13994.969,750,750
2021-04-18 22:04:02.413000,13998.443,13995.119,750,750
2021-04-18 22:04:02.463000,13998.541,13995.079,750,750
2021-04-18 22:04:02.675000,13998.553,13995.169,750,750
2021-04-18 22:04:02.726000,13998.631,13995.159,750,750
2021-04-18 22:04:02.835000,13998.491,13995.137,750,740
2021-04-18 22:04:02.885000,13998.521,13995.089,750,750
2021-04-18 22:04:03.435000,13998.101,13995.007,750,17
2021-04-18 22:04:03.485000,13998.131,13994.649,750,750
2021-04-18 22:04:04.263000,13997.711,13994.707,750,17
2021-04-18 22:04:04.314000,13997.911,13994.509,750,750
2021-04-18 22:04:04.516000,13997.893,13994.549,750,750
2021-04-18 22:04:04.566000,13998.041,13994.569,750,750
2021-04-18 22:04:04.678000,13997.993,13994.619,750,750
2021-04-18 22:04:04.728000,13997.911,13994.889,750,750
2021-04-18 22:04:05.025000,13998.173,13994.959,750,34
2021-04-18 22:04:05.075000,13998.421,13995.009,750,750
2021-04-18 22:04:05.819000,13998.393,13995.019,750,750
2021-04-18 22:04:05.870000,13998.531,13995.019,750,750
2021-04-18 22:04:06.140000,13997.081,13995.007,750,17
2021-04-18 22:04:06.190000,13997.071,13993.599,750,750
2021-04-18 22:04:06.299000,13997.093,13993.909,750,34
2021-04-18 22:04:06.350000,13997.451,13993.979,750,750
2021-04-18 22:04:07.536000,13997.433,13994.029,750,750
2021-04-18 22:04:07.587000,13997.531,13994.049,750,750
2021-04-18 22:04:07.967000,13997.503,13994.599,750,34
2021-04-18 22:04:08.017000,13998.061,13994.579,750,750
2021-04-18 22:04:08.128000,13997.771,13994.577,750,17
2021-04-18 22:04:08.178000,13997.691,13994.249,750,750
2021-04-18 22:04:08.574000,13997.763,13994.449,750,750
2021-04-18 22:04:08.624000,13997.981,13994.429,750,750
2021-04-18 22:04:09.471000,13997.893,13994.759,750,34
2021-04-18 22:04:09.521000,13998.251,13994.989,750,750
2021-04-18 22:04:09.630000,13997.681,13994.987,750,17
2021-04-18 22:04:09.680000,13997.621,13994.169,750,750
2021-04-18 22:04:09.803000,13997.683,13994.309,750,750
2021-04-18 22:04:09.854000,13997.691,13994.499,750,750
2021-04-18 22:04:09.960000,13997.683,13994.919,750,34
2021-04-18 22:04:10.011000,13998.421,13994.919,750,750
2021-04-18 22:04:10.128000,13998.383,13995.009,750,750
2021-04-18 22:04:10.179000,13998.571,13995.289,750,750
2021-04-18 22:04:10.281000,13998.481,13995.077,750,740
2021-04-18 22:04:10.332000,13998.411,13994.909,750,750
2021-04-18 22:04:10.442000,13998.493,13995.209,750,34
2021-04-18 22:04:10.492000,13998.651,13995.199,750,750
2021-04-18 22:04:11.432000,13998.693,13995.509,750,34
2021-04-18 22:04:11.482000,13998.811,13995.589,750,750
2021-04-18 22:04:11.750000,13998.813,13996.789,750,34
2021-04-18 22:04:11.801000,14000.241,13996.719,750,750
2021-04-18 22:04:13.226000,14000.151,13996.707,750,740
2021-04-18 22:04:13.276000,14000.101,13996.619,750,750
2021-04-18 22:04:13.863000,14000.153,13996.719,750,750
2021-04-18 22:04:13.913000,14000.281,13996.799,750,750
2021-04-18 22:04:14.025000,14000.111,13996.777,750,740
2021-04-18 22:04:14.075000,13999.911,13996.689,750,750
2021-04-18 22:04:14.607000,14000.163,13996.749,750,750
2021-04-18 22:04:14.657000,14000.281,13996.749,750,750
2021-04-18 22:04:14.767000,14000.193,13996.959,750,750
2021-04-18 22:04:14.818000,14000.471,13996.959,750,750
2021-04-18 22:04:14.933000,14000.433,13997.789,750,34
2021-04-18 22:04:14.983000,14001.201,13997.769,750,750
2021-04-18 22:04:15.247000,14001.283,13998.149,750,34
2021-04-18 22:04:15.298000,14001.611,13998.119,750,750
2021-04-18 22:04:16.076000,14001.431,13998.397,750,17
2021-04-18 22:04:16.127000,14001.211,13997.929,750,750
2021-04-18 22:04:16.238000,14001.403,13998.069,750,750
2021-04-18 22:04:16.288000,14001.491,13998.099,750,750
2021-04-18 22:04:16.397000,14000.081,13998.087,750,17
2021-04-18 22:04:16.447000,14000.121,13996.649,750,750
2021-04-18 22:04:16.558000,14000.041,13996.607,750,740
2021-04-18 22:04:16.608000,14000.001,13996.579,750,750
2021-04-18 22:04:16.896000,14000.131,13996.639,750,750
2021-04-18 22:04:17.236000,14000.163,13997.199,750,34
2021-04-18 22:04:17.286000,14000.451,13997.019,750,750
2021-04-18 22:04:18.546000,14000.481,13997.177,750,740
2021-04-18 22:04:18.596000,14000.671,13997.389,750,750
2021-04-18 22:04:18.705000,14000.623,13997.249,750,750
2021-04-18 22:04:18.755000,14000.721,13997.219,750,750
2021-04-18 22:04:19.488000,14000.723,13997.569,750,34
2021-04-18 22:04:19.538000,14001.071,13997.559,750,750
2021-04-18 22:04:19.646000,14000.721,13997.577,750,17
2021-04-18 22:04:19.696000,14000.731,13997.219,750,750
2021-04-18 22:04:20.052000,14000.733,13997.549,750,34
2021-04-18 22:04:20.103000,14001.031,13997.519,750,750
2021-04-18 22:04:20.211000,14000.803,13997.949,750,34
2021-04-18 22:04:20.261000,14001.431,13997.999,750,750
2021-04-18 22:04:20.372000,14001.203,13998.189,750,750
2021-04-18 22:04:20.422000,14001.591,13998.179,750,750
2021-04-18 22:04:20.531000,14001.561,13998.147,750,740
2021-04-18 22:04:20.581000,14001.491,13998.079,750,750
2021-04-18 22:04:20.693000,14001.503,13998.199,750,750
2021-04-18 22:04:20.743000,14001.581,13998.149,750,750
2021-04-18 22:04:21.441000,13999.991,13998.397,750,17
2021-04-18 22:04:21.491000,13999.801,13996.619,750,750
2021-04-18 22:04:21.602000,14000.073,13996.949,750,34
2021-04-18 22:04:21.652000,14000.481,13996.919,750,750
2021-04-18 22:04:21.783000,14000.473,13997.489,750,34
2021-04-18 22:04:21.834000,14000.961,13997.509,750,750
2021-04-18 22:04:23.388000,14000.581,13997.467,750,17
2021-04-18 22:04:23.438000,14000.671,13997.199,750,750
2021-04-18 22:04:24.001000,14000.663,13997.489,750,34
2021-04-18 22:04:24.051000,14000.691,13997.269,750,750
2021-04-18 22:04:24.914000,14000.733,13997.629,750,34
2021-04-18 22:04:24.964000,14001.181,13997.649,750,750
2021-04-18 22:04:25.075000,14001.173,13997.709,750,750
2021-04-18 22:04:25.125000,14001.271,13997.989,750,750
2021-04-18 22:04:25.348000,14001.091,13997.717,750,740
2021-04-18 22:04:25.399000,14001.121,13997.689,750,750
2021-04-18 22:04:25.670000,14000.903,13997.989,750,34
2021-04-18 22:04:25.720000,14001.421,13997.979,750,750
2021-04-18 22:04:25.831000,14000.581,13997.179,750,750
2021-04-18 22:04:26.152000,14000.491,13997.137,750,740
2021-04-18 22:04:26.202000,14000.571,13997.039,750,750
2021-04-18 22:04:26.472000,14000.411,13997.107,750,740
2021-04-18 22:04:26.522000,14000.401,13997.189,750,750
2021-04-18 22:04:26.632000,14000.001,13996.967,750,17
2021-04-18 22:04:26.682000,14000.051,13996.519,750,750
2021-04-18 22:04:27.921000,14000.023,13996.679,750,750
2021-04-18 22:04:27.972000,14000.191,13996.609,750,750
2021-04-18 22:04:28.081000,14000.051,13996.607,750,740
2021-04-18 22:04:28.131000,13999.801,13996.579,750,750
2021-04-18 22:04:28.602000,14000.043,13996.709,750,750
2021-04-18 22:04:28.652000,14000.121,13996.659,750,750
2021-04-18 22:04:29.102000,14000.001,13996.617,750,740
2021-04-18 22:04:29.152000,14000.061,13996.589,750,750
2021-04-18 22:04:29.262000,14000.003,13996.669,750,750
2021-04-18 22:04:29.313000,14000.141,13996.699,750,750
2021-04-18 22:04:30.167000,14000.163,13996.799,750,750
2021-04-18 22:04:30.217000,14000.281,13996.789,750,750
2021-04-18 22:04:30.329000,14000.121,13996.767,750,740
2021-04-18 22:04:30.379000,14000.121,13996.699,750,750
2021-04-18 22:04:30.787000,14000.061,13996.687,750,740
2021-04-18 22:04:30.837000,14000.001,13996.789,750,750
2021-04-18 22:04:31.631000,14000.053,13996.729,750,750
2021-04-18 22:04:31.681000,14000.241,13996.779,750,750
2021-04-18 22:04:31.791000,14000.171,13996.997,750,17
2021-04-18 22:04:31.842000,14000.151,13996.689,750,750
2021-04-18 22:04:32.293000,14000.113,13996.719,750,750
2021-04-18 22:04:32.343000,14000.211,13996.739,750,750
2021-04-18 22:04:32.607000,13999.931,13996.797,750,17
2021-04-18 22:04:32.657000,13999.941,13996.459,750,750
2021-04-18 22:04:32.767000,13999.913,13996.949,750,34
2021-04-18 22:04:32.817000,14000.471,13996.949,750,750
2021-04-18 22:04:34.520000,14000.403,13997.269,750,34
2021-04-18 22:04:34.570000,14000.791,13997.229,750,750
2021-04-18 22:04:34.680000,14000.591,13997.287,750,740
2021-04-18 22:04:34.730000,14000.501,13997.039,750,750
2021-04-18 22:04:36.559000,14000.553,13997.139,750,750
2021-04-18 22:04:36.609000,14000.591,13997.159,750,750
2021-04-18 22:04:36.725000,14000.221,13996.999,750,750
2021-04-18 22:04:37.230000,14000.003,13997.199,750,34
2021-04-18 22:04:37.280000,14000.451,13996.929,750,750
2021-04-18 22:04:37.770000,14000.211,13996.997,750,740
2021-04-18 22:04:37.820000,14000.181,13996.739,750,750
2021-04-18 22:04:38.291000,14000.171,13996.717,750,740
2021-04-18 22:04:38.341000,13999.911,13996.629,750,750
2021-04-18 22:04:38.960000,14000.133,13996.789,750,750
2021-04-18 22:04:39.010000,14000.241,13996.739,750,750
2021-04-18 22:04:39.578000,14000.223,13997.039,750,34
2021-04-18 22:04:39.629000,14000.521,13997.009,750,750
2021-04-18 22:04:39.933000,14000.573,13997.209,750,750
2021-04-18 22:04:39.983000,14000.601,13997.159,750,750
2021-04-18 22:04:41.561000,14000.633,13997.229,750,750
2021-04-18 22:04:41.611000,14000.721,13997.289,750,750
2021-04-18 22:04:41.720000,14000.221,13997.297,750,17
2021-04-18 22:04:41.771000,14000.211,13996.739,750,750
2021-04-18 22:04:44.025000,14000.283,13996.919,750,750
2021-04-18 22:04:44.075000,14000.451,13996.949,750,750
2021-04-18 22:04:45.638000,14000.463,13997.179,750,750
2021-04-18 22:04:45.688000,14000.641,13997.209,750,750
2021-04-18 22:04:46.691000,14000.613,13997.489,750,34
2021-04-18 22:04:46.741000,14000.901,13997.439,750,750
2021-04-18 22:04:46.851000,14000.751,13997.437,750,740
2021-04-18 22:04:46.901000,14000.731,13997.269,750,750
2021-04-18 22:04:47.478000,14000.753,13997.459,750,750
2021-04-18 22:04:47.528000,14000.961,13997.499,750,750
2021-04-18 22:04:48.975000,14000.721,13997.467,750,740
2021-04-18 22:04:49.025000,14000.681,13997.219,750,750
2021-04-18 22:04:49.135000,14000.713,13997.479,750,750
2021-04-18 22:04:49.185000,14000.961,13997.499,750,750
2021-04-18 22:04:49.980000,14000.701,13997.427,750,740
2021-04-18 22:04:50.030000,14000.511,13997.269,750,750
2021-04-18 22:04:50.826000,14000.441,13997.297,750,17
2021-04-18 22:04:50.877000,14000.481,13996.949,750,750
2021-04-18 22:04:51.324000,14000.413,13997.309,750,34
2021-04-18 22:04:51.374000,14000.781,13997.219,750,750
2021-04-18 22:04:51.511000,14000.733,13997.509,750,34
2021-04-18 22:04:51.562000,14000.911,13997.689,750,750
2021-04-18 22:04:52.441000,14000.771,13997.427,750,740
2021-04-18 22:04:52.491000,14000.681,13997.249,750,750
2021-04-18 22:04:53.234000,14000.773,13997.469,750,750
2021-04-18 22:04:53.284000,14000.921,13997.699,750,750
2021-04-18 22:04:53.553000,14000.731,13997.487,750,740
2021-04-18 22:04:53.603000,14000.691,13997.209,750,750
2021-04-18 22:04:54.355000,14000.441,13997.217,750,17
2021-04-18 22:04:54.405000,14000.461,13997.009,750,750
2021-04-18 22:04:56.637000,14000.413,13997.289,750,34
2021-04-18 22:04:56.688000,14000.751,13997.229,750,750
2021-04-18 22:04:57.493000,14000.773,13997.639,750,34
2021-04-18 22:04:57.544000,14001.161,13997.709,750,750
2021-04-18 22:04:58.413000,14000.651,13997.887,750,17
2021-04-18 22:04:58.463000,14000.621,13997.209,750,750
2021-04-18 22:05:02.089000,14000.603,13997.419,750,34
2021-04-18 22:05:02.139000,14000.961,13997.689,750,750
2021-04-18 22:05:02.559000,14000.781,13997.417,750,740
2021-04-18 22:05:02.609000,14000.681,13997.299,750,750
2021-04-18 22:05:02.719000,14000.503,13997.419,750,750
2021-04-18 22:05:02.769000,14000.921,13997.419,750,750
2021-04-18 22:05:03.043000,14000.723,13997.459,750,750
2021-04-18 22:05:03.093000,14000.781,13997.289,750,750
2021-04-18 22:05:03.202000,14000.671,13997.247,750,740
2021-04-18 22:05:03.252000,14000.591,13997.139,750,750
2021-04-18 22:05:03.772000,14000.613,13997.229,750,750
2021-04-18 22:05:03.822000,14000.681,13997.259,750,750
2021-04-18 22:05:04.771000,14000.601,13997.287,750,740
2021-04-18 22:05:04.821000,14000.681,13997.219,750,750
2021-04-18 22:05:04.930000,14000.613,13997.499,750,34
2021-04-18 22:05:04.980000,14000.701,13997.279,750,750
2021-04-18 22:05:05.091000,14000.581,13997.267,750,740
2021-04-18 22:05:05.141000,14000.491,13997.039,750,750
2021-04-18 22:05:06.965000,14000.593,13997.159,750,750
2021-04-18 22:05:07.016000,14000.641,13997.199,750,750
2021-04-18 22:05:11.475000,13999.001,13997.197,750,17
2021-04-18 22:05:11.525000,13999.011,13995.589,750,750
2021-04-18 22:05:11.634000,13998.951,13995.597,750,740
2021-04-18 22:05:11.684000,13998.701,13995.449,750,750
2021-04-18 22:05:14.371000,13998.661,13995.517,750,17
2021-04-18 22:05:14.422000,13998.641,13995.129,750,750
2021-04-18 22:05:14.530000,13998.191,13995.187,750,17
2021-04-18 22:05:14.581000,13998.191,13994.669,750,750
2021-04-18 22:05:14.894000,13998.113,13994.749,750,750
2021-04-18 22:05:14.944000,13998.231,13994.759,750,750
2021-04-18 22:05:15.053000,13998.151,13994.717,750,740
2021-04-18 22:05:15.104000,13997.901,13994.679,750,750
2021-04-18 22:05:16.604000,13998.173,13995.119,750,34
2021-04-18 22:05:16.654000,13998.661,13995.169,750,750
2021-04-18 22:05:19.896000,13998.591,13995.397,750,17
2021-04-18 22:05:19.946000,13998.531,13995.109,750,750
2021-04-18 22:05:20.056000,13997.651,13995.107,750,17
2021-04-18 22:05:20.106000,13997.661,13994.119,750,750
2021-04-18 22:05:21.263000,13997.451,13994.397,750,17
2021-04-18 22:05:21.313000,13997.391,13993.999,750,750
2021-04-18 22:05:21.503000,13997.403,13994.289,750,34
2021-04-18 22:05:21.553000,13997.551,13994.079,750,750
2021-04-18 22:05:22.019000,13996.801,13994.067,750,17
2021-04-18 22:05:22.069000,13997.051,13993.549,750,750
2021-04-18 22:05:22.177000,13997.023,13994.019,750,34
2021-04-18 22:05:22.228000,13997.381,13993.969,750,750
2021-04-18 22:05:22.338000,13997.403,13994.139,750,750
2021-04-18 22:05:22.388000,13997.621,13994.159,750,750
2021-04-18 22:05:24.366000,13996.701,13994.197,750,17
2021-04-18 22:05:24.416000,13996.961,13993.509,750,750
2021-04-18 22:05:24.521000,13996.411,13993.417,750,17
2021-04-18 22:05:24.571000,13996.611,13993.129,750,750
2021-04-18 22:05:24.863000,13996.663,13993.249,750,750
2021-04-18 22:05:24.913000,13996.771,13993.309,750,750
2021-04-18 22:05:27.077000,13996.703,13993.419,750,750
2021-04-18 22:05:27.128000,13996.941,13993.419,750,750
2021-04-18 22:05:27.285000,13996.983,13993.559,750,750
2021-04-18 22:05:27.336000,13997.081,13993.529,750,750
2021-04-18 22:05:28.530000,13996.983,13993.629,750,750
2021-04-18 22:05:28.580000,13997.111,13993.659,750,750
2021-04-18 22:05:29.407000,13996.991,13993.677,750,740
2021-04-18 22:05:29.457000,13997.061,13993.549,750,750
2021-04-18 22:05:29.568000,13996.913,13993.529,750,750
2021-04-18 22:05:29.618000,13996.901,13993.489,750,750
2021-04-18 22:05:29.727000,13996.691,13993.457,750,740
2021-04-18 22:05:29.778000,13996.691,13993.249,750,750
2021-04-18 22:05:29.888000,13996.763,13993.519,750,34
2021-04-18 22:05:29.938000,13997.051,13993.519,750,750
2021-04-18 22:05:30.565000,13996.691,13993.797,750,17
2021-04-18 22:05:30.615000,13996.711,13993.249,750,750
2021-04-18 22:05:31.415000,13996.773,13993.499,750,34
2021-04-18 22:05:31.466000,13996.921,13993.469,750,750
2021-04-18 22:05:31.575000,13996.983,13993.609,750,750
2021-04-18 22:05:31.626000,13997.081,13993.599,750,750
2021-04-18 22:05:31.894000,13996.983,13993.819,750,34
2021-04-18 22:05:31.945000,13997.211,13993.739,750,750
2021-04-18 22:05:32.763000,13997.253,13993.919,750,750
2021-04-18 22:05:32.813000,13997.421,13994.009,750,750
2021-04-18 22:05:33.570000,13997.221,13993.789,750,750
2021-04-18 22:05:34.891000,13997.091,13993.797,750,740
2021-04-18 22:05:34.942000,13997.091,13993.669,750,750
2021-04-18 22:05:35.723000,13997.143,13993.809,750,750
2021-04-18 22:05:35.773000,13997.261,13993.769,750,750
2021-04-18 22:05:36.122000,13997.223,13993.989,750,750
2021-04-18 22:05:36.173000,13997.431,13993.939,750,750
2021-04-18 22:05:36.284000,13997.483,13995.199,750,34
2021-04-18 22:05:36.334000,13998.461,13994.939,750,750
2021-04-18 22:05:37.845000,13998.241,13994.937,750,740
2021-04-18 22:05:37.896000,13998.271,13994.759,750,750
2021-04-18 22:05:38.004000,13997.961,13994.717,750,17
2021-04-18 22:05:38.055000,13997.941,13994.489,750,750
2021-04-18 22:05:38.163000,13997.741,13994.687,750,17
2021-04-18 22:05:38.213000,13997.511,13994.239,750,750
2021-04-18 22:05:38.325000,13997.481,13994.297,750,17
2021-04-18 22:05:38.375000,13997.391,13993.939,750,750
2021-04-18 22:05:38.485000,13997.221,13993.977,750,740
2021-04-18 22:05:38.535000,13997.281,13993.729,750,750
2021-04-18 22:05:39.302000,13997.223,13993.959,750,750
2021-04-18 22:05:39.352000,13997.461,13993.959,750,750
2021-04-18 22:05:39.978000,13997.111,13993.967,750,17
2021-04-18 22:05:40.028000,13997.161,13993.609,750,750
2021-04-18 22:05:42.718000,13996.991,13993.697,750,740
2021-04-18 22:05:42.769000,13997.061,13993.529,750,750
2021-04-18 22:05:43.036000,13996.613,13993.799,750,34
2021-04-18 22:05:43.086000,13996.651,13993.189,750,750
2021-04-18 22:05:43.565000,13996.693,13993.629,750,34
2021-04-18 22:05:43.616000,13997.161,13993.679,750,750
2021-04-18 22:05:43.880000,13996.931,13993.887,750,17
2021-04-18 22:05:43.931000,13996.951,13993.519,750,750
2021-04-18 22:05:44.074000,13996.913,13993.689,750,750
2021-04-18 22:05:44.124000,13997.161,13993.689,750,750
2021-04-18 22:05:44.234000,13997.021,13993.627,750,740
2021-04-18 22:05:44.284000,13997.071,13993.559,750,750
2021-04-18 22:05:44.393000,13997.073,13993.789,750,750
2021-04-18 22:05:44.444000,13997.201,13993.729,750,750
2021-04-18 22:05:45.160000,13997.203,13994.079,750,34
2021-04-18 22:05:45.210000,13997.501,13994.119,750,750
2021-04-18 22:05:45.313000,13997.231,13994.067,750,17
2021-04-18 22:05:45.363000,13997.191,13993.719,750,750
2021-04-18 22:05:50.324000,13997.171,13993.757,750,740
2021-04-18 22:05:50.374000,13997.141,13993.649,750,750
2021-04-18 22:05:51.145000,13997.143,13993.809,750,750
2021-04-18 22:05:51.196000,13997.251,13993.819,750,750
2021-04-18 22:05:51.306000,13997.121,13993.787,750,740
2021-04-18 22:05:51.356000,13997.081,13993.689,750,750
2021-04-18 22:05:51.467000,13996.721,13993.897,750,17
2021-04-18 22:05:51.517000,13996.731,13993.259,750,750
2021-04-18 22:05:51.714000,13996.793,13993.549,750,34
2021-04-18 22:05:51.764000,13997.041,13993.589,750,750
2021-04-18 22:05:51.875000,13997.053,13993.769,750,750
2021-04-18 22:05:51.925000,13997.251,13993.819,750,750
2021-04-18 22:05:52.034000,13997.101,13993.807,750,740
2021-04-18 22:05:52.084000,13997.131,13993.899,750,750
2021-04-18 22:05:52.967000,13997.123,13994.119,750,34
2021-04-18 22:05:53.018000,13997.501,13994.029,750,750
2021-04-18 22:05:53.127000,13997.001,13994.027,750,17
2021-04-18 22:05:53.177000,13997.001,13993.769,750,750
2021-04-18 22:05:53.944000,13997.283,13994.459,750,34
2021-04-18 22:05:53.994000,13997.881,13994.479,750,750
2021-04-18 22:05:55.204000,13997.741,13994.457,750,740
2021-04-18 22:05:55.254000,13997.761,13994.249,750,750
2021-04-18 22:05:55.363000,13997.631,13994.287,750,740
2021-04-18 22:05:55.413000,13997.671,13994.129,750,750
2021-04-18 22:05:56.469000,13997.623,13994.439,750,34
2021-04-18 22:05:56.519000,13997.931,13994.419,750,750
2021-04-18 22:05:56.849000,13997.923,13994.539,750,750
2021-04-18 22:05:56.900000,13997.991,13994.609,750,750
2021-04-18 22:05:57.776000,13998.033,13994.749,750,750
2021-04-18 22:05:57.827000,13998.241,13994.769,750,750
2021-04-18 22:05:57.939000,13998.071,13994.757,750,740
2021-04-18 22:05:57.989000,13998.011,13994.559,750,750
2021-04-18 22:05:59.945000,13997.591,13994.527,750,17
2021-04-18 22:05:59.995000,13997.411,13994.169,750,750
2021-04-18 22:06:00.799000,13997.663,13994.619,750,34
2021-04-18 22:06:00.849000,13998.001,13994.549,750,750
2021-04-18 22:06:00.956000,13997.401,13994.517,750,17
2021-04-18 22:06:01.006000,13997.581,13994.109,750,750
2021-04-18 22:06:04.394000,13997.653,13994.259,750,750
2021-04-18 22:06:04.444000,13997.731,13994.269,750,750
2021-04-18 22:06:05.322000,13997.631,13994.287,750,740
2021-04-18 22:06:05.372000,13997.651,13994.179,750,750
2021-04-18 22:06:07.186000,13997.311,13994.137,750,740
2021-04-18 22:06:07.236000,13997.501,13994.029,750,750
2021-04-18 22:06:07.590000,13997.523,13994.149,750,750
2021-04-18 22:06:07.641000,13997.661,13994.149,750,750
2021-04-18 22:06:09.122000,13997.663,13994.269,750,750
2021-04-18 22:06:09.173000,13997.511,13994.269,750,750
2021-04-18 22:06:09.897000,13997.713,13994.609,750,34
2021-04-18 22:06:09.947000,13997.981,13994.489,750,750
2021-04-18 22:06:10.856000,13997.953,13994.549,750,750
2021-04-18 22:06:10.906000,13998.081,13994.789,750,750
2021-04-18 22:06:11.015000,13997.501,13994.517,750,17
2021-04-18 22:06:11.066000,13997.691,13994.239,750,750
2021-04-18 22:06:11.513000,13997.683,13994.419,750,750
2021-04-18 22:06:11.563000,13997.951,13994.429,750,750
2021-04-18 22:06:12.219000,13997.501,13994.437,750,17
2021-04-18 22:06:12.269000,13997.581,13994.029,750,750
2021-04-18 22:06:14.237000,13997.583,13994.109,750,750
2021-04-18 22:06:14.288000,13997.661,13994.159,750,750
2021-04-18 22:06:14.555000,13997.633,13994.279,750,750
2021-04-18 22:06:14.606000,13997.691,13994.289,750,750
2021-04-18 22:06:17.380000,13997.541,13994.237,750,740
2021-04-18 22:06:17.430000,13997.481,13994.079,750,750
2021-04-18 22:06:21.917000,13997.483,13994.299,750,750
2021-04-18 22:06:21.968000,13997.741,13994.239,750,750
2021-04-18 22:06:22.272000,13997.773,13994.699,750,34
2021-04-18 22:06:22.323000,13997.941,13994.519,750,750
2021-04-18 22:06:22.829000,13997.771,13994.467,750,740
2021-04-18 22:06:22.880000,13997.701,13994.209,750,750
2021-04-18 22:06:23.490000,13997.753,13994.419,750,750
2021-04-18 22:06:23.540000,13997.911,13994.469,750,750
2021-04-18 22:06:24.074000,13997.973,13994.559,750,750
2021-04-18 22:06:24.124000,13998.021,13994.519,750,750
2021-04-18 22:06:24.235000,13998.023,13994.939,750,34
2021-04-18 22:06:24.286000,13998.391,13994.959,750,750
2021-04-18 22:06:24.570000,13998.891,13995.439,750,750
2021-04-18 22:06:24.729000,13998.953,13995.719,750,34
2021-04-18 22:06:24.780000,13999.251,13995.759,750,750
2021-04-18 22:06:25.147000,13998.791,13995.727,750,17
2021-04-18 22:06:25.198000,13998.761,13995.489,750,750
2021-04-18 22:06:25.467000,13998.611,13995.227,750,740
2021-04-18 22:06:25.517000,13998.601,13995.209,750,750
2021-04-18 22:06:25.676000,13998.481,13995.177,750,740
2021-04-18 22:06:25.726000,13998.541,13995.299,750,750
2021-04-18 22:06:25.836000,13998.583,13995.139,750,750
2021-04-18 22:06:25.886000,13998.651,13995.129,750,750
2021-04-18 22:06:26.206000,13998.161,13995.197,750,17
2021-04-18 22:06:26.256000,13998.141,13994.709,750,750
2021-04-18 22:06:27.120000,13998.173,13994.999,750,34
2021-04-18 22:06:27.170000,13998.241,13994.759,750,750
2021-04-18 22:06:27.281000,13998.203,13995.009,750,34
2021-04-18 22:06:27.331000,13998.441,13994.949,750,750
2021-04-18 22:06:28.356000,13998.443,13995.129,750,750
2021-04-18 22:06:28.406000,13998.611,13995.209,750,750
2021-04-18 22:06:29.868000,13998.481,13995.207,750,740
2021-04-18 22:06:29.918000,13998.491,13995.299,750,750
2021-04-18 22:06:30.768000,13998.523,13995.199,750,750
2021-04-18 22:06:30.819000,13998.661,13995.189,750,750
2021-04-18 22:06:31.221000,13998.241,13995.197,750,17
2021-04-18 22:06:31.272000,13998.271,13994.819,750,750
2021-04-18 22:06:31.645000,13998.273,13995.199,750,34
2021-04-18 22:06:31.695000,13998.461,13994.929,750,750
2021-04-18 22:06:31.806000,13998.213,13995.149,750,750
2021-04-18 22:06:31.857000,13998.621,13995.189,750,750
2021-04-18 22:06:32.278000,13998.683,13995.449,750,34
2021-04-18 22:06:32.329000,13998.971,13995.479,750,750
2021-04-18 22:06:33.075000,13998.973,13995.899,750,34
2021-04-18 22:06:33.126000,13999.101,13995.669,750,750
2021-04-18 22:06:33.237000,13999.051,13995.717,750,740
2021-04-18 22:06:33.287000,13999.011,13995.589,750,750
2021-04-18 22:06:34.167000,13999.043,13995.659,750,750
2021-04-18 22:06:34.218000,13998.911,13995.659,750,750
2021-04-18 22:06:35.699000,13999.091,13995.637,750,740
2021-04-18 22:06:35.750000,13999.091,13995.559,750,750
2021-04-18 22:06:35.860000,13998.811,13995.757,750,740
2021-04-18 22:06:35.910000,13999.001,13995.749,750,750
2021-04-18 22:06:36.121000,13999.091,13995.777,750,740
2021-04-18 22:06:36.171000,13999.091,13995.529,750,750
2021-04-18 22:06:36.280000,13998.021,13995.607,750,17
2021-04-18 22:06:36.330000,13998.051,13994.619,750,750
2021-04-18 22:06:36.601000,13998.023,13994.609,750,750
2021-04-18 22:06:36.652000,13998.171,13994.629,750,750
2021-04-18 22:06:37.618000,13998.093,13994.809,750,750
2021-04-18 22:06:37.668000,13998.191,13994.809,750,750
2021-04-18 22:06:38.045000,13998.253,13995.019,750,34
2021-04-18 22:06:38.095000,13998.391,13994.959,750,750
2021-04-18 22:06:39.714000,13998.413,13995.149,750,750
2021-04-18 22:06:39.764000,13998.611,13995.209,750,750
2021-04-18 22:06:39.874000,13998.603,13995.529,750,34
2021-04-18 22:06:39.924000,13998.811,13995.589,750,750
2021-04-18 22:06:40.888000,13998.521,13995.567,750,17
2021-04-18 22:06:40.938000,13998.571,13995.019,750,750
2021-04-18 22:06:41.048000,13998.493,13995.449,750,34
2021-04-18 22:06:41.099000,13998.971,13995.479,750,750
2021-04-18 22:06:41.216000,13997.891,13995.497,750,17
2021-04-18 22:06:41.267000,13997.921,13994.419,750,750
2021-04-18 22:06:41.369000,13997.923,13994.619,750,750
2021-04-18 22:06:41.420000,13998.051,13994.599,750,750
2021-04-18 22:06:41.598000,13997.971,13994.527,750,740
2021-04-18 22:06:41.648000,13997.891,13994.449,750,750
2021-04-18 22:06:41.758000,13997.581,13994.477,750,17
2021-04-18 22:06:41.808000,13997.611,13994.119,750,750
2021-04-18 22:06:44.104000,13997.581,13994.147,750,740
2021-04-18 22:06:44.154000,13997.501,13994.039,750,750
2021-04-18 22:06:47.394000,13997.303,13994.289,750,750
2021-04-18 22:06:47.444000,13997.751,13994.299,750,750
2021-04-18 22:06:47.554000,13997.181,13994.287,750,17
2021-04-18 22:06:47.604000,13997.191,13993.789,750,750
2021-04-18 22:06:48.260000,13997.273,13993.989,750,750
2021-04-18 22:06:48.310000,13997.461,13993.919,750,750
2021-04-18 22:06:50.459000,13997.423,13994.119,750,750
2021-04-18 22:06:50.509000,13997.541,13994.109,750,750
2021-04-18 22:06:50.620000,13997.563,13994.129,750,750
2021-04-18 22:06:50.670000,13997.581,13994.119,750,750
2021-04-18 22:06:51.342000,13997.581,13994.207,750,740
2021-04-18 22:06:51.392000,13997.561,13994.099,750,750
2021-04-18 22:06:54.971000,13997.081,13994.007,750,17
2021-04-18 22:06:55.021000,13997.061,13993.579,750,750
2021-04-18 22:06:55.130000,13997.073,13993.819,750,34
2021-04-18 22:06:55.180000,13997.261,13993.819,750,750
2021-04-18 22:06:55.293000,13997.273,13994.229,750,34
2021-04-18 22:06:55.343000,13997.691,13994.259,750,750
2021-04-18 22:06:55.617000,13997.651,13994.487,750,17
2021-04-18 22:06:55.668000,13997.611,13994.189,750,750
2021-04-18 22:06:55.778000,13997.421,13994.397,750,17
2021-04-18 22:06:55.828000,13997.481,13993.909,750,750
2021-04-18 22:06:55.940000,13997.211,13993.927,750,740
2021-04-18 22:06:55.990000,13997.261,13993.749,750,750
2021-04-18 22:06:56.101000,13996.911,13993.757,750,17
2021-04-18 22:06:56.151000,13996.931,13993.419,750,750
2021-04-18 22:06:56.258000,13996.973,13993.749,750,34
2021-04-18 22:06:56.308000,13997.231,13993.759,750,750
2021-04-18 22:06:56.418000,13997.273,13994.509,750,34
2021-04-18 22:06:56.468000,13997.901,13994.449,750,750
2021-04-18 22:06:56.578000,13997.933,13995.049,750,34
2021-04-18 22:06:56.628000,13998.571,13995.029,750,750
2021-04-18 22:06:56.739000,13998.121,13995.027,750,17
2021-04-18 22:06:56.790000,13998.111,13994.629,750,750
2021-04-18 22:06:59.379000,13998.001,13994.657,750,740
2021-04-18 22:06:59.430000,13998.031,13994.789,750,750
2021-04-18 22:06:59.628000,13997.951,13994.517,750,740
2021-04-18 22:06:59.678000,13997.951,13994.489,750,750
2021-04-18 22:06:59.788000,13997.973,13994.539,750,750
2021-04-18 22:06:59.838000,13997.991,13994.599,750,750
2021-04-18 22:07:00.026000,13998.003,13994.729,750,750
2021-04-18 22:07:00.076000,13998.011,13994.809,750,750
2021-04-18 22:07:00.183000,13997.751,13994.757,750,17
2021-04-18 22:07:00.233000,13997.781,13994.279,750,750
2021-04-18 22:07:00.831000,13997.691,13994.207,750,740
2021-04-18 22:07:00.882000,13997.641,13994.149,750,750
2021-04-18 22:07:02.160000,13997.603,13994.289,750,750
2021-04-18 22:07:02.210000,13997.701,13994.319,750,750
2021-04-18 22:07:03.295000,13997.481,13994.217,750,740
2021-04-18 22:07:03.346000,13997.551,13994.299,750,750
2021-04-18 22:07:03.774000,13996.731,13994.097,750,17
2021-04-18 22:07:03.824000,13996.741,13993.239,750,750
2021-04-18 22:07:04.101000,13996.521,13993.287,750,740
2021-04-18 22:07:04.151000,13996.571,13993.069,750,750
2021-04-18 22:07:04.834000,13996.111,13993.017,750,17
2021-04-18 22:07:04.884000,13996.161,13992.649,750,750
2021-04-18 22:07:04.995000,13996.123,13992.739,750,750
2021-04-18 22:07:05.045000,13996.221,13992.769,750,750
2021-04-18 22:07:06.458000,13996.411,13992.959,750,750
2021-04-18 22:07:06.618000,13996.241,13993.017,750,17
2021-04-18 22:07:06.668000,13996.191,13992.809,750,750
2021-04-18 22:07:06.778000,13996.141,13992.747,750,740
2021-04-18 22:07:06.828000,13996.141,13992.629,750,750
2021-04-18 22:07:07.491000,13996.153,13992.749,750,750
2021-04-18 22:07:07.542000,13996.291,13992.749,750,750
2021-04-18 22:07:07.651000,13996.111,13992.727,750,740
2021-04-18 22:07:07.702000,13996.171,13992.679,750,750
2021-04-18 22:07:08.089000,13996.193,13992.929,750,34
2021-04-18 22:07:08.139000,13996.391,13992.909,750,750
2021-04-18 22:07:08.250000,13995.961,13993.187,750,17
2021-04-18 22:07:08.300000,13995.921,13992.489,750,750
2021-04-18 22:07:09.071000,13995.701,13992.687,750,17
2021-04-18 22:07:09.122000,13995.771,13992.269,750,750
2021-04-18 22:07:09.228000,13995.503,13992.499,750,34
2021-04-18 22:07:09.279000,13995.881,13992.419,750,750
2021-04-18 22:07:09.388000,13995.401,13992.467,750,17
2021-04-18 22:07:09.438000,13995.621,13992.159,750,750
2021-04-18 22:07:10.053000,13995.603,13992.299,750,750
2021-04-18 22:07:10.103000,13995.511,13992.289,750,750
2021-04-18 22:07:10.632000,13995.513,13992.649,750,34
2021-04-18 22:07:10.682000,13996.191,13992.629,750,750
2021-04-18 22:07:11.986000,13995.731,13992.657,750,17
2021-04-18 22:07:12.036000,13995.751,13992.229,750,750
2021-04-18 22:07:12.624000,13995.501,13992.237,750,740
2021-04-18 22:07:12.675000,13995.591,13992.049,750,750
2021-04-18 22:07:12.972000,13995.503,13992.179,750,750
2021-04-18 22:07:13.023000,13995.611,13992.179,750,750
2021-04-18 22:07:13.691000,13995.401,13992.127,750,740
2021-04-18 22:07:13.741000,13995.481,13991.989,750,750
2021-04-18 22:07:14.059000,13995.493,13992.109,750,750
2021-04-18 22:07:14.109000,13995.491,13992.049,750,750
2021-04-18 22:07:14.219000,13995.483,13992.209,750,750
2021-04-18 22:07:14.270000,13995.651,13992.219,750,750
2021-04-18 22:07:14.600000,13995.663,13992.229,750,750
2021-04-18 22:07:14.651000,13995.741,13992.289,750,750
2021-04-18 22:07:15.691000,13995.591,13992.217,750,740
2021-04-18 22:07:15.741000,13995.671,13992.149,750,750
2021-04-18 22:07:16.147000,13995.653,13992.799,750,34
2021-04-18 22:07:16.197000,13996.011,13992.579,750,750
2021-04-18 22:07:16.307000,13995.771,13992.567,750,17
2021-04-18 22:07:16.357000,13995.501,13992.269,750,750
2021-04-18 22:07:17.940000,13995.631,13992.277,750,740
2021-04-18 22:07:17.990000,13995.611,13992.189,750,750
2021-04-18 22:07:19.606000,13995.413,13992.479,750,34
2021-04-18 22:07:19.656000,13995.941,13992.499,750,750
2021-04-18 22:07:20.629000,13995.923,13992.559,750,750
2021-04-18 22:07:20.679000,13996.041,13992.509,750,750
2021-04-18 22:07:22.853000,13995.751,13992.587,750,17
2021-04-18 22:07:22.903000,13995.721,13992.279,750,750
2021-04-18 22:07:23.172000,13995.551,13992.267,750,740
2021-04-18 22:07:23.222000,13995.491,13992.079,750,750
2021-04-18 22:07:24.649000,13994.701,13992.057,750,17
2021-04-18 22:07:24.699000,13994.701,13991.499,750,750
2021-04-18 22:07:25.553000,13994.401,13991.407,750,17
2021-04-18 22:07:25.603000,13994.671,13991.169,750,750
2021-04-18 22:07:26.130000,13994.663,13991.549,750,34
2021-04-18 22:07:26.180000,13995.001,13991.609,750,750
2021-04-18 22:07:26.289000,13995.013,13991.919,750,34
2021-04-18 22:07:26.340000,13995.461,13991.949,750,750
2021-04-18 22:07:26.533000,13995.191,13991.987,750,740
2021-04-18 22:07:26.583000,13995.231,13991.809,750,750
2021-04-18 22:07:27.479000,13994.511,13991.707,750,17
2021-04-18 22:07:27.530000,13994.741,13991.249,750,750
2021-04-18 22:07:27.640000,13994.531,13991.237,750,740
2021-04-18 22:07:27.690000,13994.531,13991.009,750,750
2021-04-18 22:07:27.820000,13994.481,13991.047,750,740
2021-04-18 22:07:27.871000,13994.401,13990.909,750,750
2021-04-18 22:07:27.978000,13994.261,13990.997,750,17
2021-04-18 22:07:28.028000,13994.241,13990.729,750,750
2021-04-18 22:07:28.792000,13994.183,13991.189,750,34
2021-04-18 22:07:28.842000,13994.681,13991.389,750,750
2021-04-18 22:07:29.294000,13994.593,13991.219,750,750
2021-04-18 22:07:29.345000,13994.691,13991.279,750,750
2021-04-18 22:07:29.613000,13994.691,13991.307,750,740
2021-04-18 22:07:29.664000,13994.631,13991.119,750,750
2021-04-18 22:07:29.773000,13994.673,13991.239,750,750
2021-04-18 22:07:29.823000,13994.731,13991.299,750,750
2021-04-18 22:07:29.934000,13994.301,13991.307,750,17
2021-04-18 22:07:29.984000,13994.521,13991.299,750,750
2021-04-18 22:07:30.509000,13994.553,13991.259,750,750
2021-04-18 22:07:30.559000,13994.741,13991.499,750,750
2021-04-18 22:07:31.156000,13994.601,13991.287,750,740
2021-04-18 22:07:31.206000,13994.621,13991.209,750,750
2021-04-18 22:07:31.317000,13994.683,13991.229,750,750
2021-04-18 22:07:31.367000,13994.721,13991.239,750,750
2021-04-18 22:07:31.740000,13994.641,13991.227,750,740
2021-04-18 22:07:31.790000,13994.621,13991.209,750,750
2021-04-18 22:07:32.784000,13994.623,13991.319,750,750
2021-04-18 22:07:32.834000,13994.501,13991.229,750,750
2021-04-18 22:07:33.901000,13994.763,13991.429,750,750
2021-04-18 22:07:33.952000,13994.931,13991.419,750,750
2021-04-18 22:07:34.062000,13994.721,13991.407,750,740
2021-04-18 22:07:34.112000,13994.711,13991.249,750,750
2021-04-18 22:07:36.374000,13994.703,13991.499,750,750
2021-04-18 22:07:36.424000,13994.931,13991.469,750,750
2021-04-18 22:07:37.236000,13994.541,13991.697,750,17
2021-04-18 22:07:37.286000,13994.481,13991.089,750,750
2021-04-18 22:07:37.756000,13994.011,13991.057,750,17
2021-04-18 22:07:37.806000,13994.081,13990.529,750,750
2021-04-18 22:07:38.982000,13994.063,13991.089,750,34
2021-04-18 22:07:39.033000,13994.521,13991.069,750,750
2021-04-18 22:07:39.757000,13994.211,13991.087,750,740
2021-04-18 22:07:39.808000,13994.421,13990.999,750,750
2021-04-18 22:07:39.917000,13994.021,13991.197,750,17
2021-04-18 22:07:39.967000,13993.991,13990.609,750,750
2021-04-18 22:07:40.851000,13994.043,13990.799,750,34
2021-04-18 22:07:40.902000,13994.241,13990.999,750,750
2021-04-18 22:07:41.011000,13994.183,13990.919,750,750
2021-04-18 22:07:41.062000,13994.451,13991.199,750,750
2021-04-18 22:07:41.333000,13994.393,13991.139,750,750
2021-04-18 22:07:41.384000,13994.631,13991.199,750,750
2021-04-18 22:07:41.718000,13994.673,13991.269,750,750
2021-04-18 22:07:41.768000,13994.711,13991.289,750,750
2021-04-18 22:07:42.366000,13992.213,13991.209,750,34
2021-04-18 22:07:42.416000,13992.451,13988.939,750,750
2021-04-18 22:07:42.525000,13992.413,13990.019,750,34
2021-04-18 22:07:42.575000,13993.531,13990.099,750,750
2021-04-18 22:07:42.685000,13993.543,13990.109,750,750
2021-04-18 22:07:42.735000,13993.631,13990.209,750,750
2021-04-18 22:07:42.847000,13992.891,13990.187,750,17
2021-04-18 22:07:42.897000,13992.951,13989.419,750,750
2021-04-18 22:07:43.007000,13992.481,13989.467,750,17
2021-04-18 22:07:43.058000,13992.521,13989.009,750,750
2021-04-18 22:07:43.327000,13992.553,13989.169,750,750
2021-04-18 22:07:43.377000,13992.621,13989.129,750,750
2021-04-18 22:07:43.486000,13992.481,13989.127,750,740
2021-04-18 22:07:43.537000,13992.401,13988.979,750,750
2021-04-18 22:07:43.647000,13992.141,13988.997,750,17
2021-04-18 22:07:43.697000,13992.161,13988.629,750,750
2021-04-18 22:07:43.807000,13992.083,13988.799,750,750
2021-04-18 22:07:43.858000,13992.211,13988.739,750,750
2021-04-18 22:07:44.538000,13992.013,13989.559,750,34
2021-04-18 22:07:44.589000,13992.801,13989.579,750,750
2021-04-18 22:07:44.697000,13992.201,13989.517,750,17
2021-04-18 22:07:44.748000,13992.201,13988.769,750,750
2021-04-18 22:07:44.857000,13992.283,13989.279,750,34
2021-04-18 22:07:44.907000,13992.781,13989.249,750,750
2021-04-18 22:07:45.017000,13992.421,13989.247,750,17
2021-04-18 22:07:45.067000,13992.451,13989.199,750,750
2021-04-18 22:07:45.177000,13992.213,13989.499,750,34
2021-04-18 22:07:45.227000,13992.731,13989.289,750,750
2021-04-18 22:07:45.574000,13992.601,13989.267,750,740
2021-04-18 22:07:45.624000,13992.681,13989.189,750,750
2021-04-18 22:07:45.780000,13992.593,13989.439,750,34
2021-04-18 22:07:45.830000,13992.701,13989.459,750,750
2021-04-18 22:07:45.939000,13992.461,13989.447,750,17
2021-04-18 22:07:45.989000,13992.421,13989.009,750,750
2021-04-18 22:07:46.260000,13991.981,13988.937,750,17
2021-04-18 22:07:46.311000,13991.971,13988.459,750,750
2021-04-18 22:07:47.008000,13991.761,13988.517,750,17
2021-04-18 22:07:47.058000,13991.681,13988.489,750,750
2021-04-18 22:07:48.449000,13991.733,13988.479,750,750
2021-04-18 22:07:48.499000,13991.981,13988.429,750,750
2021-04-18 22:07:48.609000,13991.751,13988.467,750,740
2021-04-18 22:07:48.659000,13991.681,13988.239,750,750
2021-04-18 22:07:49.621000,13991.743,13988.789,750,34
2021-04-18 22:07:49.671000,13992.091,13988.789,750,750
2021-04-18 22:07:50.456000,13992.083,13988.709,750,750
2021-04-18 22:07:50.507000,13992.081,13988.889,750,750
2021-04-18 22:07:50.757000,13992.171,13988.987,750,17
2021-04-18 22:07:50.807000,13992.931,13989.429,750,750
2021-04-18 22:07:51.409000,13992.703,13989.569,750,750
2021-04-18 22:07:51.459000,13992.811,13989.529,750,750
2021-04-18 22:07:51.875000,13993.073,13989.819,750,34
2021-04-18 22:07:51.925000,13993.281,13989.769,750,750
2021-04-18 22:07:52.035000,13993.013,13990.209,750,34
2021-04-18 22:07:52.085000,13993.401,13990.139,750,750
2021-04-18 22:07:52.195000,13993.311,13990.217,750,740
2021-04-18 22:07:52.246000,13993.561,13990.079,750,750
2021-04-18 22:07:53.355000,13993.071,13990.077,750,17
2021-04-18 22:07:53.405000,13993.061,13989.549,750,750
2021-04-18 22:07:53.519000,13992.993,13989.739,750,750
2021-04-18 22:07:53.570000,13993.221,13989.789,750,750
2021-04-18 22:07:53.804000,13993.191,13989.727,750,740
2021-04-18 22:07:53.854000,13993.181,13989.689,750,750
2021-04-18 22:07:54.179000,13993.471,13989.949,750,750
2021-04-18 22:07:54.640000,13993.483,13990.059,750,750
2021-04-18 22:07:54.690000,13993.511,13990.049,750,750
2021-04-18 22:07:55.027000,13993.431,13990.027,750,740
2021-04-18 22:07:55.077000,13993.421,13990.019,750,750
2021-04-18 22:07:56.720000,13993.453,13990.079,750,750
2021-04-18 22:07:56.770000,13993.531,13990.019,750,750
2021-04-18 22:07:57.773000,13993.451,13990.107,750,740
2021-04-18 22:07:57.824000,13993.421,13989.959,750,750
2021-04-18 22:07:58.643000,13993.211,13989.917,750,740
2021-04-18 22:07:58.693000,13993.271,13989.999,750,750
2021-04-18 22:08:01.351000,13993.263,13990.149,750,34
2021-04-18 22:08:01.402000,13993.671,13990.119,750,750
2021-04-18 22:08:01.589000,13993.593,13990.689,750,34
2021-04-18 22:08:01.639000,13993.941,13990.479,750,750
2021-04-18 22:08:03.497000,13993.903,13992.079,750,34
2021-04-18 22:08:03.547000,13995.491,13992.099,750,750
2021-04-18 22:08:08.499000,13995.221,13992.027,750,17
2021-04-18 22:08:08.550000,13995.271,13991.789,750,750
2021-04-18 22:08:15.096000,13995.203,13991.949,750,750
2021-04-18 22:08:15.146000,13995.421,13992.199,750,750
2021-04-18 22:08:15.962000,13995.161,13991.927,750,17
2021-04-18 22:08:16.012000,13995.161,13991.639,750,750
2021-04-18 22:08:19.116000,13995.133,13992.289,750,34
2021-04-18 22:08:19.167000,13995.501,13992.109,750,750
2021-04-18 22:08:20.421000,13995.251,13992.027,750,17
2021-04-18 22:08:20.472000,13995.261,13991.799,750,750
2021-04-18 22:08:21.456000,13995.263,13992.169,750,34
2021-04-18 22:08:21.507000,13995.591,13992.199,750,750
2021-04-18 22:08:22.381000,13995.673,13992.279,750,750
2021-04-18 22:08:22.432000,13995.691,13992.289,750,750
2021-04-18 22:08:23.908000,13995.561,13992.217,750,740
2021-04-18 22:08:23.958000,13995.561,13992.039,750,750
2021-04-18 22:08:25.458000,13995.553,13992.129,750,750
2021-04-18 22:08:25.509000,13995.661,13992.179,750,750
2021-04-18 22:08:25.618000,13995.491,13992.157,750,740
2021-04-18 22:08:25.668000,13995.581,13992.299,750,750
2021-04-18 22:08:27.713000,13995.421,13992.057,750,740
2021-04-18 22:08:27.764000,13995.481,13991.989,750,750
2021-04-18 22:08:28.466000,13995.203,13992.549,750,34
2021-04-18 22:08:28.516000,13996.031,13992.569,750,750
2021-04-18 22:08:29.324000,13995.521,13992.577,750,17
2021-04-18 22:08:29.374000,13995.541,13992.299,750,750
2021-04-18 22:08:29.486000,13995.561,13992.227,750,740
2021-04-18 22:08:29.537000,13995.731,13992.259,750,750
2021-04-18 22:08:29.654000,13995.733,13992.549,750,34
2021-04-18 22:08:29.704000,13995.991,13992.579,750,750
2021-04-18 22:08:34.332000,13995.741,13992.557,750,17
2021-04-18 22:08:34.382000,13995.761,13992.489,750,750
2021-04-18 22:08:34.493000,13995.281,13992.307,750,17
2021-04-18 22:08:34.544000,13995.231,13991.729,750,750
2021-04-18 22:08:35.083000,13995.091,13991.737,750,740
2021-04-18 22:08:35.133000,13995.191,13991.699,750,750
2021-04-18 22:08:37.309000,13994.913,13991.759,750,750
2021-04-18 22:08:37.359000,13995.191,13991.759,750,750
2021-04-18 22:08:38.053000,13995.021,13991.747,750,740
2021-04-18 22:08:38.104000,13994.801,13991.539,750,750
2021-04-18 22:08:38.210000,13995.023,13991.759,750,750
2021-04-18 22:08:38.260000,13995.231,13991.799,750,750
2021-04-18 22:08:39.243000,13995.223,13992.089,750,34
2021-04-18 22:08:39.293000,13995.511,13992.009,750,750
2021-04-18 22:08:39.850000,13995.231,13991.739,750,750
2021-04-18 22:08:40.009000,13995.013,13992.019,750,34
2021-04-18 22:08:40.060000,13995.471,13991.939,750,750
2021-04-18 22:08:40.169000,13995.211,13991.947,750,740
2021-04-18 22:08:40.220000,13995.001,13991.779,750,750
2021-04-18 22:08:42.864000,13995.571,13992.289,750,750
