2020-01-05 23:00:01.777000,8739.31,8735.91,1310,3
2020-01-05 23:00:02.248000,8739.31,8735.94,1310,3
2020-01-05 23:00:02.298000,8739.45,8735.96,1310,130
2020-01-05 23:00:02.414000,8739.45,8735.96,2750,130
2020-01-05 23:00:02.465000,8738.6,8735.14,650,2070
2020-01-05 23:00:02.563000,8738.6,8735.73,650,3
2020-01-05 23:00:02.613000,8739.24,8735.82,1310,130
2020-01-05 23:00:02.916000,8739.24,8735.82,2750,130
2020-01-05 23:00:02.966000,8739.16,8735.7,650,3
2020-01-05 23:00:03.076000,8739.16,8735.63,1400,130
2020-01-05 23:00:03.126000,8738.99,8735.44,2750,3
2020-01-05 23:00:03.237000,8738.99,8736.67,1310,3
2020-01-05 23:00:03.287000,8740.11,8736.67,1310,3
2020-01-05 23:00:03.414000,8740.11,8738.32,650,130
2020-01-05 23:00:03.464000,8741.73,8738.32,1400,130
2020-01-05 23:00:03.558000,8741.73,8738.35,650,3
2020-01-05 23:00:03.721000,8741.79,8738.6,1400,130
2020-01-05 23:00:03.771000,8741.67,8738.19,2750,3
2020-01-05 23:00:03.919000,8741.67,8738.71,1310,3
2020-01-05 23:00:03.981000,8742.1,8738.71,650,3
2020-01-05 23:00:04.080000,8742.1,8739.26,650,3
2020-01-05 23:00:04.131000,8742.72,8739.5,650,130
2020-01-05 23:00:04.290000,8742.91,8739.48,1310,3
2020-01-05 23:00:04.401000,8742.91,8739.48,1310,3
2020-01-05 23:00:04.452000,8742.68,8739.16,2750,130
2020-01-05 23:00:04.564000,8742.68,8739.27,2750,3
2020-01-05 23:00:04.723000,8742.78,8739.23,2750,130
2020-01-05 23:00:04.774000,8742.38,8738.96,1400,130
2020-01-05 23:00:04.884000,8742.38,8739.12,650,3
2020-01-05 23:00:04.935000,8742.6,8739.16,1310,130
2020-01-05 23:00:05.045000,8742.6,8739.33,1310,3
2020-01-05 23:00:05.103000,8742.8,8739.36,1310,130
2020-01-05 23:00:05.207000,8742.8,8739.36,2750,130
2020-01-05 23:00:05.258000,8742.3,8738.9,650,2070
2020-01-05 23:00:05.853000,8742.3,8738.9,1400,130
2020-01-05 23:00:05.903000,8741.4,8737.98,650,3
2020-01-05 23:00:06.015000,8741.4,8737.93,1400,130
2020-01-05 23:00:06.066000,8741.17,8737.7,2750,3
2020-01-05 23:00:06.173000,8741.17,8738.62,1310,3
2020-01-05 23:00:06.223000,8742.11,8738.66,1400,130
2020-01-05 23:00:06.339000,8742.11,8739.0,650,3
2020-01-05 23:00:06.389000,8742.39,8739.19,650,130
2020-01-05 23:00:06.440000,8747.4,8744.01,650,3
2020-01-05 23:00:06.513000,8747.4,8743.92,1400,130
2020-01-05 23:00:06.563000,8744.72,8741.3,2750,3
2020-01-05 23:00:06.672000,8744.72,8742.52,1310,3
2020-01-05 23:00:06.722000,8745.96,8742.52,2750,3
2020-01-05 23:00:06.834000,8745.96,8743.17,1310,3
2020-01-05 23:00:06.885000,8746.68,8743.19,2750,130
2020-01-05 23:00:06.994000,8746.68,8743.19,2750,130
2020-01-05 23:00:07.045000,8745.13,8741.61,1310,2070
2020-01-05 23:00:07.155000,8745.13,8741.61,2750,130
2020-01-05 23:00:07.205000,8744.74,8741.31,1400,3
2020-01-05 23:00:07.316000,8744.74,8741.29,1400,130
2020-01-05 23:00:07.366000,8744.29,8740.85,650,130
2020-01-05 23:00:07.479000,8744.29,8741.2,650,3
2020-01-05 23:00:07.529000,8744.68,8741.21,2750,130
2020-01-05 23:00:07.638000,8744.68,8741.21,2750,130
2020-01-05 23:00:07.688000,8743.59,8740.17,650,130
2020-01-05 23:00:07.800000,8743.59,8741.29,650,3
2020-01-05 23:00:07.850000,8744.68,8741.29,650,1500
2020-01-05 23:00:07.965000,8744.68,8741.29,1400,130
2020-01-05 23:00:08.015000,8744.4,8741.19,1310,3
2020-01-05 23:00:08.121000,8744.4,8740.98,2750,130
2020-01-05 23:00:08.214000,8744.28,8740.83,1400,130
2020-01-05 23:00:08.278000,8744.28,8743.25,650,3
2020-01-05 23:00:08.328000,8746.77,8743.25,1400,3
2020-01-05 23:00:08.436000,8746.77,8743.34,650,3
2020-01-05 23:00:08.598000,8746.79,8743.4,1400,130
2020-01-05 23:00:08.648000,8745.83,8742.6,650,1500
2020-01-05 23:00:08.759000,8745.83,8743.73,650,3
2020-01-05 23:00:08.809000,8747.29,8743.73,2750,2070
2020-01-05 23:00:08.922000,8747.29,8745.14,1310,3
2020-01-05 23:00:08.972000,8748.41,8745.16,650,130
2020-01-05 23:00:09.160000,8749.72,8746.29,1310,3
2020-01-05 23:00:09.280000,8749.72,8746.63,1310,3
2020-01-05 23:00:09.331000,8750.15,8746.66,2750,130
2020-01-05 23:00:09.442000,8750.15,8746.66,2750,130
2020-01-05 23:00:09.492000,8749.38,8746.02,2750,130
2020-01-05 23:00:09.625000,8749.38,8746.02,2750,130
2020-01-05 23:00:09.676000,8748.86,8745.4,2750,130
2020-01-05 23:00:09.763000,8748.86,8745.4,2750,130
2020-01-05 23:00:09.814000,8748.47,8744.99,2750,130
2020-01-05 23:00:10.085000,8748.47,8745.21,1310,3
2020-01-05 23:00:10.135000,8748.6,8745.21,650,3
2020-01-05 23:00:10.334000,8750.99,8747.48,2750,130
2020-01-05 23:00:10.384000,8748.61,8745.37,650,130
2020-01-05 23:00:10.547000,8748.64,8745.17,1310,3
2020-01-05 23:00:10.819000,8748.64,8745.14,2750,130
2020-01-05 23:00:10.869000,8748.37,8744.89,2750,130
2020-01-05 23:00:10.981000,8748.37,8744.95,1310,3
2020-01-05 23:00:11.154000,8748.46,8745.25,1310,3
2020-01-05 23:00:11.204000,8748.5,8745.25,650,3
2020-01-05 23:00:11.315000,8748.5,8746.0,650,3
2020-01-05 23:00:11.366000,8749.42,8746.0,650,1500
2020-01-05 23:00:11.476000,8749.42,8747.98,650,3
2020-01-05 23:00:11.527000,8751.4,8747.98,650,3
2020-01-05 23:00:11.638000,8751.4,8748.31,650,3
2020-01-05 23:00:11.689000,8751.72,8748.49,1310,130
2020-01-05 23:00:11.799000,8751.72,8748.49,2750,130
2020-01-05 23:00:11.849000,8751.63,8748.16,2750,3
2020-01-05 23:00:11.960000,8751.63,8748.35,1310,3
2020-01-05 23:00:12.010000,8751.61,8748.37,650,130
2020-01-05 23:00:12.282000,8751.61,8748.37,1400,130
2020-01-05 23:00:12.333000,8751.15,8747.89,2750,3
2020-01-05 23:00:12.444000,8751.15,8747.66,2750,130
2020-01-05 23:00:12.494000,8750.0,8746.77,650,130
2020-01-05 23:00:12.767000,8750.0,8747.32,650,3
2020-01-05 23:00:12.817000,8750.73,8747.32,2750,3
2020-01-05 23:00:12.928000,8750.73,8748.62,1310,3
2020-01-05 23:00:12.999000,8752.09,8748.68,650,130
2020-01-05 23:00:13.090000,8752.09,8748.81,650,130
2020-01-05 23:00:13.259000,8752.0,8748.85,650,3
2020-01-05 23:00:13.309000,8752.1,8748.85,650,3
2020-01-05 23:00:13.414000,8752.1,8748.6,2750,130
2020-01-05 23:00:13.464000,8751.84,8748.6,1400,130
2020-01-05 23:00:13.572000,8751.84,8748.79,650,3
2020-01-05 23:00:13.622000,8752.21,8748.79,1310,3
2020-01-05 23:00:13.736000,8752.21,8748.71,2750,130
2020-01-05 23:00:13.786000,8751.48,8747.97,2750,3
2020-01-05 23:00:14.066000,8751.48,8748.47,1310,3
2020-01-05 23:00:14.116000,8751.9,8748.47,1310,3
2020-01-05 23:00:14.219000,8751.9,8748.82,1310,3
2020-01-05 23:00:14.269000,8752.28,8749.0,2750,130
2020-01-05 23:00:14.616000,8752.28,8749.0,2750,130
2020-01-05 23:00:14.666000,8752.16,8748.69,1310,130
2020-01-05 23:00:14.776000,8752.16,8748.69,2750,130
2020-01-05 23:00:14.827000,8751.28,8747.9,1310,130
2020-01-05 23:00:14.937000,8751.28,8748.3,1310,3
2020-01-05 23:00:14.987000,8751.75,8748.3,650,3
2020-01-05 23:00:15.259000,8751.75,8748.81,650,3
2020-01-05 23:00:15.309000,8752.27,8749.0,1400,130
2020-01-05 23:00:15.903000,8752.27,8749.0,650,130
2020-01-05 23:00:15.954000,8752.33,8748.88,2750,130
2020-01-05 23:00:16.386000,8752.33,8749.27,1310,3
2020-01-05 23:00:16.437000,8752.73,8749.28,1310,130
2020-01-05 23:00:16.553000,8752.73,8749.7,650,130
2020-01-05 23:00:16.603000,8752.9,8749.7,650,130
2020-01-05 23:00:16.869000,8752.9,8750.48,650,3
2020-01-05 23:00:16.919000,8753.92,8750.48,650,3
2020-01-05 23:00:17.032000,8753.92,8750.45,1400,130
2020-01-05 23:00:17.082000,8753.19,8749.8,650,3
2020-01-05 23:00:17.191000,8753.19,8749.95,650,3
2020-01-05 23:00:17.241000,8753.4,8749.95,1310,3
2020-01-05 23:00:17.352000,8753.4,8749.93,2750,130
2020-01-05 23:00:17.403000,8753.32,8749.92,2750,130
2020-01-05 23:00:17.714000,8753.32,8750.4,1310,3
2020-01-05 23:00:17.764000,8753.61,8750.4,650,3
2020-01-05 23:00:18.036000,8753.61,8750.74,650,3
2020-01-05 23:00:18.086000,8754.28,8750.79,1310,130
2020-01-05 23:00:18.552000,8754.28,8750.79,2750,130
2020-01-05 23:00:18.602000,8753.37,8749.9,2750,3
2020-01-05 23:00:18.712000,8753.37,8749.83,2750,130
2020-01-05 23:00:18.762000,8752.73,8749.28,1400,3
2020-01-05 23:00:18.877000,8752.73,8749.24,1400,130
2020-01-05 23:00:18.927000,8752.28,8749.0,1400,3
2020-01-05 23:00:19.035000,8752.28,8749.32,650,3
2020-01-05 23:00:19.086000,8752.74,8749.32,1400,3
2020-01-05 23:00:19.354000,8752.74,8749.42,1400,3
2020-01-05 23:00:19.516000,8752.86,8749.44,1310,3
2020-01-05 23:00:19.566000,8752.93,8749.52,1310,130
2020-01-05 23:00:19.676000,8752.93,8749.67,1310,3
2020-01-05 23:00:19.726000,8753.12,8749.67,2750,3
2020-01-05 23:00:19.838000,8753.12,8749.62,2750,130
2020-01-05 23:00:19.889000,8752.93,8749.47,2750,130
2020-01-05 23:00:20.487000,8752.93,8749.71,1310,3
2020-01-05 23:00:20.646000,8752.91,8748.42,2750,2070
2020-01-05 23:00:20.696000,8751.94,8748.42,1310,2070
2020-01-05 23:00:20.806000,8751.94,8748.77,1310,3
2020-01-05 23:00:20.857000,8752.21,8748.77,1310,3
2020-01-05 23:00:20.967000,8752.21,8748.76,2750,130
2020-01-05 23:00:21.017000,8751.8,8748.4,650,1500
2020-01-05 23:00:21.298000,8751.8,8748.91,650,3
2020-01-05 23:00:21.348000,8752.38,8748.98,650,130
2020-01-05 23:00:21.457000,8752.38,8748.98,1400,130
2020-01-05 23:00:21.508000,8751.94,8748.52,2750,130
2020-01-05 23:00:21.780000,8751.94,8748.52,2750,130
2020-01-05 23:00:21.830000,8751.39,8748.19,650,130
2020-01-05 23:00:22.103000,8751.39,8748.19,1400,130
2020-01-05 23:00:22.153000,8751.39,8747.84,2750,3
2020-01-05 23:00:22.423000,8751.39,8747.81,2750,130
2020-01-05 23:00:22.473000,8751.09,8747.71,650,130
2020-01-05 23:00:22.585000,8751.09,8747.81,650,3
2020-01-05 23:00:22.636000,8751.23,8747.81,2750,3
2020-01-05 23:00:22.748000,8751.23,8747.74,2750,130
2020-01-05 23:00:22.798000,8751.1,8747.69,650,130
2020-01-05 23:00:22.907000,8751.1,8747.82,650,3
2020-01-05 23:00:22.958000,8751.35,8747.89,1400,130
2020-01-05 23:00:23.068000,8751.35,8747.89,1400,130
2020-01-05 23:00:23.118000,8751.18,8747.7,2750,130
2020-01-05 23:00:23.228000,8751.18,8747.83,1310,3
2020-01-05 23:00:23.397000,8751.11,8748.29,650,3
2020-01-05 23:00:23.448000,8751.75,8748.29,650,3
2020-01-05 23:00:23.551000,8751.75,8748.69,650,3
2020-01-05 23:00:23.601000,8752.11,8748.69,2750,3
2020-01-05 23:00:24.087000,8752.11,8748.99,1310,3
2020-01-05 23:00:24.137000,8752.24,8748.99,1400,3
2020-01-05 23:00:24.514000,8752.24,8750.14,650,3
2020-01-05 23:00:24.564000,8753.4,8750.21,650,130
2020-01-05 23:00:24.849000,8754.39,8750.85,2750,3
2020-01-05 23:00:24.900000,8754.39,8750.86,2750,130
2020-01-05 23:00:25.001000,8754.39,8750.86,2750,130
2020-01-05 23:00:25.051000,8753.85,8750.4,1310,3
2020-01-05 23:00:25.333000,8753.85,8750.46,1310,3
2020-01-05 23:00:25.383000,8753.91,8750.47,2750,130
2020-01-05 23:00:25.495000,8753.91,8750.47,2750,130
2020-01-05 23:00:25.545000,8753.42,8750.02,2750,3
2020-01-05 23:00:25.658000,8753.42,8750.38,1310,3
2020-01-05 23:00:25.819000,8753.8,8750.6,1400,130
2020-01-05 23:00:25.869000,8753.46,8749.93,2750,130
2020-01-05 23:00:26.185000,8753.46,8749.93,2750,130
2020-01-05 23:00:26.344000,8753.34,8749.99,2750,3
2020-01-05 23:00:26.506000,8753.26,8749.78,2750,130
2020-01-05 23:00:26.556000,8752.74,8749.3,650,130
2020-01-05 23:00:26.667000,8752.74,8749.93,650,3
2020-01-05 23:00:26.717000,8753.48,8750.0,1400,130
2020-01-05 23:00:27.030000,8753.48,8750.0,1400,130
2020-01-05 23:00:27.080000,8752.83,8749.39,650,130
2020-01-05 23:00:27.352000,8752.83,8749.98,650,3
2020-01-05 23:00:27.403000,8753.21,8749.98,650,3
2020-01-05 23:00:27.596000,8753.21,8750.36,650,3
2020-01-05 23:00:27.647000,8753.8,8750.41,1400,130
2020-01-05 23:00:27.919000,8753.8,8750.7,650,3
2020-01-05 23:00:28.244000,8753.71,8750.47,1400,130
2020-01-05 23:00:28.294000,8753.43,8750.0,1400,130
2020-01-05 23:00:28.404000,8753.43,8750.17,650,3
2020-01-05 23:00:28.569000,8753.93,8750.17,2750,3
2020-01-05 23:00:28.619000,8753.93,8750.52,1310,3
2020-01-05 23:00:28.726000,8753.93,8750.46,2750,130
2020-01-05 23:00:28.776000,8753.64,8750.21,2750,3
2020-01-05 23:00:29.607000,8753.64,8749.77,2750,130
2020-01-05 23:00:29.657000,8753.19,8749.77,1400,130
2020-01-05 23:00:29.929000,8753.19,8750.2,650,3
2020-01-05 23:00:29.979000,8753.59,8750.2,650,3
2020-01-05 23:00:30.094000,8753.59,8750.16,1400,130
2020-01-05 23:00:30.186000,8752.2,8749.01,650,3
2020-01-05 23:00:30.251000,8752.2,8749.76,650,3
2020-01-05 23:00:30.301000,8753.26,8749.76,1310,3
2020-01-05 23:00:30.529000,8753.26,8749.72,2750,130
2020-01-05 23:00:30.580000,8752.76,8749.49,1400,130
2020-01-05 23:00:31.178000,8752.76,8749.81,650,3
2020-01-05 23:00:31.228000,8753.24,8749.81,2750,3
2020-01-05 23:00:31.339000,8753.24,8749.9,2750,3
2020-01-05 23:00:31.389000,8753.18,8749.9,1400,3
2020-01-05 23:00:31.984000,8753.32,8749.9,1310,3
2020-01-05 23:00:32.356000,8753.32,8750.16,1310,3
2020-01-05 23:00:32.407000,8753.64,8750.4,650,130
2020-01-05 23:00:32.680000,8753.64,8750.4,1400,130
2020-01-05 23:00:32.731000,8753.19,8749.75,650,3
2020-01-05 23:00:33.033000,8753.19,8750.27,650,3
2020-01-05 23:00:33.084000,8753.76,8750.29,2750,130
2020-01-05 23:00:33.195000,8753.76,8750.29,2750,130
2020-01-05 23:00:33.246000,8753.18,8749.76,650,3
2020-01-05 23:00:33.589000,8753.18,8750.5,650,130
2020-01-05 23:00:33.639000,8753.79,8750.5,2750,130
2020-01-05 23:00:33.863000,8753.79,8750.5,2750,130
2020-01-05 23:00:33.914000,8753.66,8750.19,2750,3
2020-01-05 23:00:34.026000,8753.66,8750.15,2750,130
2020-01-05 23:00:34.076000,8753.2,8749.75,1400,130
2020-01-05 23:00:34.184000,8753.2,8750.09,650,3
2020-01-05 23:00:34.234000,8753.35,8750.09,2750,3
2020-01-05 23:00:34.345000,8753.35,8750.64,1310,3
2020-01-05 23:00:34.395000,8754.18,8750.71,2750,130
2020-01-05 23:00:34.508000,8754.18,8750.83,1310,3
2020-01-05 23:00:34.558000,8754.39,8750.83,2750,3
2020-01-05 23:00:34.666000,8754.39,8750.81,2750,130
2020-01-05 23:00:34.828000,8754.23,8750.79,1400,130
2020-01-05 23:00:34.878000,8753.68,8750.17,2750,130
2020-01-05 23:00:35.364000,8753.85,8750.39,1310,130
2020-01-05 23:00:35.909000,8753.85,8750.45,1310,3
2020-01-05 23:00:35.959000,8753.91,8750.51,2750,130
2020-01-05 23:00:36.069000,8753.91,8751.44,1310,3
2020-01-05 23:00:36.120000,8754.71,8751.52,1400,130
2020-01-05 23:00:36.717000,8754.71,8751.77,650,3
2020-01-05 23:00:36.767000,8755.25,8752.0,1310,130
2020-01-05 23:00:36.928000,8755.4,8752.02,650,130
2020-01-05 23:00:37.420000,8755.4,8752.4,650,3
2020-01-05 23:00:37.470000,8755.68,8752.4,2750,3
2020-01-05 23:00:37.581000,8755.68,8752.41,1310,3
2020-01-05 23:00:37.631000,8755.91,8752.47,650,130
2020-01-05 23:00:37.741000,8755.91,8752.47,1400,130
2020-01-05 23:00:38.234000,8755.82,8752.33,2750,130
2020-01-05 23:00:38.284000,8755.36,8751.89,1400,130
2020-01-05 23:00:38.557000,8755.36,8752.39,650,3
2020-01-05 23:00:38.608000,8755.78,8752.39,650,3
2020-01-05 23:00:38.719000,8755.78,8752.38,1400,130
2020-01-05 23:00:38.770000,8755.71,8752.3,650,3
2020-01-05 23:00:39.120000,8755.71,8752.27,1400,130
2020-01-05 23:00:39.170000,8755.43,8751.98,1400,130
2020-01-05 23:00:39.276000,8755.43,8751.98,1400,130
2020-01-05 23:00:39.327000,8755.23,8751.8,650,130
2020-01-05 23:00:39.438000,8755.23,8753.38,650,3
2020-01-05 23:00:39.489000,8756.79,8753.38,650,3
2020-01-05 23:00:39.598000,8756.79,8753.09,2750,130
2020-01-05 23:00:39.649000,8756.37,8753.09,2750,130
2020-01-05 23:00:39.759000,8756.37,8753.09,2750,130
2020-01-05 23:00:39.809000,8755.72,8752.31,650,130
2020-01-05 23:00:40.138000,8755.72,8752.62,650,3
2020-01-05 23:00:40.189000,8756.13,8752.63,650,130
2020-01-05 23:00:40.895000,8756.13,8752.63,1400,130
2020-01-05 23:00:40.945000,8755.11,8751.65,1400,130
2020-01-05 23:00:41.073000,8755.11,8751.65,1400,130
2020-01-05 23:00:41.124000,8754.88,8751.46,650,3
2020-01-05 23:00:41.217000,8754.88,8752.13,650,3
2020-01-05 23:00:41.268000,8755.4,8752.4,650,130
2020-01-05 23:00:41.427000,8755.4,8751.95,1400,3
2020-01-05 23:00:41.698000,8755.4,8752.09,1400,3
2020-01-05 23:00:42.180000,8755.35,8752.09,2750,130
2020-01-05 23:00:42.231000,8754.89,8751.69,650,3
2020-01-05 23:00:42.341000,8754.89,8751.49,1400,130
2020-01-05 23:00:42.392000,8754.72,8751.26,2750,3
2020-01-05 23:00:42.665000,8754.72,8751.21,2750,130
2020-01-05 23:00:42.716000,8753.81,8750.37,1400,3
2020-01-05 23:00:43.214000,8753.81,8750.32,1400,130
2020-01-05 23:00:43.297000,8753.1,8749.83,650,2070
2020-01-05 23:00:43.374000,8753.1,8749.83,1400,130
2020-01-05 23:00:43.424000,8752.95,8749.48,1310,3
2020-01-05 23:00:43.992000,8752.95,8749.65,1310,3
2020-01-05 23:00:44.042000,8753.15,8749.69,1310,130
2020-01-05 23:00:44.378000,8753.15,8749.69,2750,130
2020-01-05 23:00:44.428000,8752.74,8749.49,1400,130
2020-01-05 23:00:44.538000,8752.74,8749.49,1400,130
2020-01-05 23:00:44.589000,8752.33,8749.1,2750,3
2020-01-05 23:00:44.700000,8752.33,8748.86,2750,130
2020-01-05 23:00:44.750000,8751.8,8748.38,1400,130
2020-01-05 23:00:44.861000,8751.8,8748.38,1400,130
2020-01-05 23:00:45.022000,8751.4,8748.21,1400,130
2020-01-05 23:00:45.072000,8751.48,8748.19,2750,130
2020-01-05 23:00:45.563000,8751.48,8748.19,2750,130
2020-01-05 23:00:46.095000,8751.48,8748.19,2750,130
2020-01-05 23:00:46.258000,8751.48,8748.19,2750,130
2020-01-05 23:00:46.417000,8751.48,8748.19,2750,130
2020-01-05 23:00:46.791000,8751.48,8748.19,2750,130
2020-01-05 23:00:46.953000,8751.48,8748.19,2750,130
2020-01-05 23:00:47.142000,8748.36,8747.781,650,130
2020-01-05 23:00:47.193000,8748.36,8744.87,2750,130
2020-01-05 23:00:47.277000,8748.36,8745.7,1310,3
2020-01-05 23:00:47.327000,8749.18,8745.7,2750,3
2020-01-05 23:00:47.438000,8749.18,8745.63,2750,130
2020-01-05 23:00:47.489000,8748.92,8745.49,1400,3
2020-01-05 23:00:47.600000,8748.92,8745.92,650,3
2020-01-05 23:00:47.650000,8749.11,8745.92,650,3
2020-01-05 23:00:47.761000,8749.11,8745.89,1400,130
2020-01-05 23:00:47.922000,8749.16,8745.99,650,1500
2020-01-05 23:00:48.406000,8749.0,8745.99,1400,130
2020-01-05 23:00:48.457000,8748.39,8744.88,2750,130
2020-01-05 23:00:48.821000,8748.39,8744.88,2750,130
2020-01-05 23:00:48.872000,8747.84,8744.32,650,2070
2020-01-05 23:00:49.144000,8747.84,8744.7,650,3
2020-01-05 23:00:49.194000,8748.11,8744.71,650,130
2020-01-05 23:00:49.467000,8748.11,8744.71,1400,130
2020-01-05 23:00:49.517000,8747.82,8744.34,2750,130
2020-01-05 23:00:49.627000,8747.82,8744.34,2750,130
2020-01-05 23:00:49.678000,8747.35,8744.09,2750,3
2020-01-05 23:00:49.792000,8747.35,8743.77,2750,130
2020-01-05 23:00:50.115000,8747.19,8743.77,2750,130
2020-01-05 23:00:50.165000,8746.6,8743.21,1400,130
2020-01-05 23:00:50.272000,8746.6,8743.21,1400,130
2020-01-05 23:00:50.322000,8746.24,8742.78,2750,130
2020-01-05 23:00:50.433000,8746.24,8743.5,1310,3
2020-01-05 23:00:50.483000,8746.69,8743.5,1400,3
2020-01-05 23:00:50.595000,8746.69,8743.32,1400,130
2020-01-05 23:00:50.646000,8746.33,8742.87,2750,130
2020-01-05 23:00:50.755000,8746.33,8742.95,1310,3
2020-01-05 23:00:50.916000,8746.39,8743.21,650,3
2020-01-05 23:00:51.078000,8746.64,8743.39,1400,130
2020-01-05 23:00:51.128000,8746.48,8742.99,2750,3
2020-01-05 23:00:51.881000,8746.48,8742.98,2750,130
2020-01-05 23:00:52.042000,8746.31,8742.89,1400,3
2020-01-05 23:00:52.205000,8746.18,8742.63,2750,130
2020-01-05 23:00:52.256000,8745.87,8742.41,2750,130
2020-01-05 23:00:52.371000,8745.87,8742.41,2750,130
2020-01-05 23:00:52.726000,8745.51,8742.31,650,130
2020-01-05 23:00:52.776000,8745.63,8742.39,1400,130
2020-01-05 23:00:52.886000,8745.63,8742.39,1400,130
2020-01-05 23:00:52.937000,8745.11,8741.9,650,1500
2020-01-05 23:00:53.046000,8745.11,8742.31,650,3
2020-01-05 23:00:53.096000,8745.71,8742.31,1310,3
2020-01-05 23:00:53.207000,8745.71,8742.28,2750,130
2020-01-05 23:00:53.257000,8744.89,8741.5,1400,3
2020-01-05 23:00:53.398000,8744.73,8741.5,650,3
2020-01-05 23:00:53.449000,8744.73,8741.29,1310,130
2020-01-05 23:00:53.744000,8744.73,8741.29,2750,130
2020-01-05 23:00:54.391000,8744.58,8741.39,2750,130
2020-01-05 23:00:54.441000,8744.41,8740.97,1400,130
2020-01-05 23:00:54.558000,8744.41,8740.97,1400,130
2020-01-05 23:00:54.608000,8744.36,8740.91,1310,130
2020-01-05 23:00:55.198000,8744.36,8740.97,2750,3
2020-01-05 23:00:55.359000,8744.48,8740.92,2750,130
2020-01-05 23:00:55.521000,8744.34,8740.98,1310,3
2020-01-05 23:00:55.571000,8744.41,8740.98,2750,3
2020-01-05 23:00:56.191000,8744.41,8741.34,1310,3
2020-01-05 23:00:56.241000,8744.8,8741.42,650,130
2020-01-05 23:00:56.379000,8744.8,8741.47,650,3
2020-01-05 23:00:56.430000,8744.99,8741.5,2750,130
2020-01-05 23:00:56.543000,8744.99,8742.16,1310,3
2020-01-05 23:00:56.593000,8745.64,8742.16,2750,3
2020-01-05 23:00:56.701000,8745.64,8742.13,2750,130
2020-01-05 23:00:56.752000,8745.1,8741.91,650,130
2020-01-05 23:00:56.917000,8745.08,8741.89,650,3
2020-01-05 23:00:57.183000,8745.08,8741.97,650,3
2020-01-05 23:00:57.233000,8745.41,8742.0,2750,130
2020-01-05 23:00:57.344000,8745.41,8742.22,1310,3
2020-01-05 23:00:57.394000,8745.59,8742.22,650,3
2020-01-05 23:00:57.505000,8745.59,8742.71,650,3
2020-01-05 23:00:57.555000,8746.18,8742.71,2750,3
2020-01-05 23:00:57.914000,8746.18,8742.7,2750,130
2020-01-05 23:00:57.964000,8745.81,8742.42,1310,130
2020-01-05 23:00:58.073000,8745.81,8742.63,1310,3
2020-01-05 23:00:58.124000,8746.17,8742.67,2750,130
2020-01-05 23:00:58.236000,8746.17,8743.27,1310,3
2020-01-05 23:00:58.286000,8746.77,8743.27,2750,2070
2020-01-05 23:00:59.523000,8746.77,8743.27,2750,130
2020-01-05 23:00:59.573000,8746.37,8742.87,2750,3
2020-01-05 23:01:00.117000,8746.37,8743.11,1310,3
2020-01-05 23:01:00.167000,8746.61,8743.15,1310,130
2020-01-05 23:01:00.270000,8746.61,8743.63,1310,3
2020-01-05 23:01:00.363000,8747.18,8743.65,2750,130
2020-01-05 23:01:00.433000,8747.18,8744.25,1310,3
2020-01-05 23:01:00.483000,8747.69,8744.25,650,3
2020-01-05 23:01:00.991000,8747.69,8744.41,650,3
2020-01-05 23:01:01.151000,8747.93,8744.5,2750,130
2020-01-05 23:01:01.202000,8747.47,8744.01,2750,3
2020-01-05 23:01:01.313000,8747.47,8743.96,2750,130
2020-01-05 23:01:01.363000,8746.74,8743.5,2750,130
2020-01-05 23:01:01.482000,8746.74,8743.5,2750,130
2020-01-05 23:01:01.582000,8746.21,8742.73,1310,130
2020-01-05 23:01:01.641000,8746.21,8742.73,2750,130
2020-01-05 23:01:01.692000,8745.18,8741.66,1400,130
2020-01-05 23:01:01.974000,8745.18,8741.66,1400,130
2020-01-05 23:01:02.025000,8744.75,8741.31,2750,3
2020-01-05 23:01:02.169000,8744.75,8741.23,2750,130
2020-01-05 23:01:02.219000,8744.32,8740.91,1310,3
2020-01-05 23:01:02.288000,8744.32,8740.82,2750,130
2020-01-05 23:01:02.339000,8743.45,8739.98,1400,3
2020-01-05 23:01:02.444000,8743.45,8740.42,650,3
2020-01-05 23:01:02.494000,8743.95,8740.5,2750,130
2020-01-05 23:01:02.770000,8743.95,8740.67,650,3
2020-01-05 23:01:02.821000,8744.16,8740.67,2750,3
2020-01-05 23:01:03.088000,8744.16,8740.91,1310,3
2020-01-05 23:01:03.138000,8744.29,8740.92,650,130
2020-01-05 23:01:03.746000,8744.29,8740.92,1400,130
2020-01-05 23:01:03.797000,8743.81,8740.36,650,3
2020-01-05 23:01:04.070000,8743.81,8740.35,1400,130
2020-01-05 23:01:04.843000,8743.66,8740.39,2750,130
2020-01-05 23:01:05.333000,8743.21,8740.5,650,130
2020-01-05 23:01:05.383000,8743.96,8740.5,2750,130
2020-01-05 23:01:05.492000,8743.96,8741.88,1310,3
2020-01-05 23:01:05.542000,8745.38,8741.88,2750,2070
2020-01-05 23:01:05.649000,8745.38,8741.88,2750,130
2020-01-05 23:01:05.699000,8745.15,8741.7,1310,130
2020-01-05 23:01:05.969000,8745.15,8741.76,1310,3
2020-01-05 23:01:06.708000,8745.22,8742.33,650,3
2020-01-05 23:01:06.759000,8745.79,8742.38,650,130
2020-01-05 23:01:07.044000,8745.79,8742.45,650,3
2020-01-05 23:01:07.095000,8745.97,8742.45,2750,3
2020-01-05 23:01:07.527000,8745.97,8742.42,2750,130
2020-01-05 23:01:07.577000,8745.77,8742.28,2750,3
2020-01-05 23:01:07.689000,8745.77,8742.28,2750,3
2020-01-05 23:01:07.739000,8745.43,8741.98,2750,3
2020-01-05 23:01:07.855000,8745.43,8742.3,650,3
2020-01-05 23:01:07.905000,8745.74,8742.3,1400,3
2020-01-05 23:01:08.013000,8745.74,8742.26,1400,130
2020-01-05 23:01:08.063000,8745.6,8742.21,650,3
2020-01-05 23:01:08.253000,8745.6,8742.23,650,3
2020-01-05 23:01:08.304000,8745.76,8742.27,650,130
2020-01-05 23:01:08.415000,8745.76,8742.23,1310,3
2020-01-05 23:01:08.582000,8745.69,8742.14,2750,130
2020-01-05 23:01:08.633000,8745.29,8741.9,650,130
2020-01-05 23:01:08.735000,8745.29,8741.9,1400,130
2020-01-05 23:01:08.786000,8745.25,8741.73,1310,3
2020-01-05 23:01:08.896000,8745.25,8741.72,2750,130
2020-01-05 23:01:08.947000,8745.13,8741.71,2750,130
2020-01-05 23:01:09.060000,8745.13,8741.71,2750,130
2020-01-05 23:01:09.110000,8744.99,8741.5,2750,130
2020-01-05 23:01:09.218000,8744.99,8741.68,1310,3
2020-01-05 23:01:09.269000,8745.1,8741.68,650,3
2020-01-05 23:01:09.892000,8745.1,8741.63,1400,130
2020-01-05 23:01:10.213000,8744.98,8741.45,2750,130
2020-01-05 23:01:10.263000,8744.87,8741.36,2750,3
2020-01-05 23:01:10.396000,8744.87,8741.67,1310,3
2020-01-05 23:01:10.446000,8745.18,8741.89,2750,130
2020-01-05 23:01:10.540000,8745.18,8741.81,1310,3
2020-01-05 23:01:10.699000,8745.26,8741.77,2750,130
2020-01-05 23:01:10.859000,8745.11,8741.7,1400,130
2020-01-05 23:01:10.910000,8744.8,8741.4,650,3
2020-01-05 23:01:11.020000,8744.8,8742.11,650,3
2020-01-05 23:01:11.070000,8745.61,8742.21,650,130
2020-01-05 23:01:11.345000,8745.61,8742.21,1400,130
2020-01-05 23:01:11.395000,8745.23,8741.77,2750,130
2020-01-05 23:01:12.158000,8745.23,8742.71,1310,3
2020-01-05 23:01:12.293000,8745.91,8742.89,1310,130
2020-01-05 23:01:12.344000,8745.86,8742.59,2750,3
2020-01-05 23:01:12.480000,8745.86,8742.33,2750,130
2020-01-05 23:01:12.642000,8745.77,8742.59,1310,3
2020-01-05 23:01:12.692000,8745.61,8742.59,650,3
2020-01-05 23:01:12.802000,8745.61,8742.78,650,3
2020-01-05 23:01:12.852000,8746.23,8743.0,1400,130
2020-01-05 23:01:13.124000,8746.23,8743.0,650,130
2020-01-05 23:01:13.514000,8746.32,8742.89,1400,130
2020-01-05 23:01:13.564000,8745.92,8742.42,650,3
2020-01-05 23:01:13.675000,8745.92,8742.85,650,3
2020-01-05 23:01:13.725000,8746.29,8742.86,650,130
2020-01-05 23:01:13.832000,8746.29,8742.86,1400,130
2020-01-05 23:01:14.456000,8746.27,8742.76,2750,130
2020-01-05 23:01:14.507000,8745.94,8742.46,650,130
2020-01-05 23:01:14.617000,8745.94,8742.87,650,3
2020-01-05 23:01:14.778000,8746.1,8743.18,650,3
2020-01-05 23:01:14.828000,8746.68,8743.2,2750,130
2020-01-05 23:01:14.938000,8746.68,8743.2,2750,130
2020-01-05 23:01:14.989000,8745.84,8742.59,2750,130
2020-01-05 23:01:15.105000,8745.84,8743.18,1310,3
2020-01-05 23:01:15.156000,8746.63,8743.21,650,130
2020-01-05 23:01:15.794000,8746.63,8743.33,650,3
2020-01-05 23:01:15.844000,8746.79,8743.36,1400,130
2020-01-05 23:01:15.956000,8746.79,8743.5,1400,3
2020-01-05 23:01:16.283000,8746.96,8743.51,1400,130
2020-01-05 23:01:16.441000,8746.63,8744.35,1310,3
2020-01-05 23:01:16.492000,8747.6,8744.35,650,3
2020-01-05 23:01:16.601000,8747.6,8744.82,650,3
2020-01-05 23:01:16.652000,8748.27,8744.82,2750,1500
2020-01-05 23:01:16.763000,8748.27,8744.93,1310,3
2020-01-05 23:01:16.814000,8748.41,8744.95,650,130
2020-01-05 23:01:16.924000,8748.41,8744.95,1400,130
2020-01-05 23:01:17.087000,8748.37,8744.82,2750,130
2020-01-05 23:01:17.137000,8748.2,8744.77,1400,130
2020-01-05 23:01:18.315000,8748.2,8745.31,650,3
2020-01-05 23:01:18.365000,8748.79,8745.4,650,130
2020-01-05 23:01:18.636000,8748.79,8745.4,1400,130
2020-01-05 23:01:18.686000,8748.77,8745.26,2750,3
2020-01-05 23:01:20.095000,8748.77,8745.45,1310,3
2020-01-05 23:01:20.146000,8748.9,8745.45,1310,3
2020-01-05 23:01:20.546000,8748.9,8745.43,2750,130
2020-01-05 23:01:20.597000,8748.64,8745.21,1310,3
2020-01-05 23:01:20.708000,8748.64,8745.18,2750,130
2020-01-05 23:01:20.759000,8748.43,8744.99,1400,3
2020-01-05 23:01:20.868000,8748.43,8745.49,650,3
2020-01-05 23:01:20.919000,8748.69,8745.49,1310,3
2020-01-05 23:01:21.036000,8748.69,8745.28,2750,130
2020-01-05 23:01:21.086000,8748.69,8745.14,2750,130
2020-01-05 23:01:21.213000,8748.68,8745.14,2750,130
2020-01-05 23:01:21.360000,8748.68,8745.14,2750,130
2020-01-05 23:01:21.410000,8748.45,8745.19,2750,130
2020-01-05 23:01:22.162000,8748.62,8745.16,1400,130
2020-01-05 23:01:22.271000,8748.62,8745.16,1400,130
2020-01-05 23:01:22.322000,8748.48,8744.97,2750,130
2020-01-05 23:01:22.434000,8748.48,8744.97,2750,130
2020-01-05 23:01:22.596000,8748.1,8744.92,650,3
2020-01-05 23:01:22.646000,8748.4,8744.92,1400,2070
2020-01-05 23:01:22.756000,8748.4,8745.28,650,3
2020-01-05 23:01:22.807000,8748.51,8745.3,650,130
2020-01-05 23:01:22.917000,8748.51,8745.78,650,3
2020-01-05 23:01:22.968000,8749.23,8745.78,2750,3
2020-01-05 23:01:23.241000,8749.23,8745.76,2750,130
2020-01-05 23:01:23.401000,8748.88,8745.52,2750,130
2020-01-05 23:01:23.452000,8748.85,8745.36,1310,130
2020-01-05 23:01:23.562000,8748.85,8745.98,1310,3
2020-01-05 23:01:23.612000,8749.43,8745.99,2750,130
2020-01-05 23:01:23.768000,8749.73,8745.99,2750,130
2020-01-05 23:01:23.818000,8749.73,8746.27,2750,130
2020-01-05 23:01:23.884000,8749.73,8747.17,1310,3
2020-01-05 23:01:23.935000,8750.65,8747.18,1400,130
2020-01-05 23:01:24.421000,8750.65,8747.18,1400,130
2020-01-05 23:01:24.581000,8750.47,8747.71,650,3
2020-01-05 23:01:24.632000,8751.1,8747.71,650,3
2020-01-05 23:01:24.941000,8751.1,8747.87,650,3
2020-01-05 23:01:24.992000,8751.3,8747.87,650,3
2020-01-05 23:01:25.486000,8751.3,8747.87,1310,3
2020-01-05 23:01:25.536000,8750.94,8747.51,1310,130
2020-01-05 23:01:25.978000,8751.09,8747.67,650,130
2020-01-05 23:01:26.088000,8751.09,8748.12,650,3
2020-01-05 23:01:26.139000,8751.4,8748.15,650,130
2020-01-05 23:01:26.254000,8751.4,8748.41,650,3
2020-01-05 23:01:26.304000,8751.85,8748.41,650,1500
2020-01-05 23:01:26.462000,8751.85,8748.41,1400,130
2020-01-05 23:01:27.148000,8751.69,8748.24,2750,130
2020-01-05 23:01:27.309000,8751.66,8748.15,2750,130
2020-01-05 23:01:27.359000,8751.09,8747.69,1310,3
2020-01-05 23:01:27.689000,8751.09,8747.63,2750,130
2020-01-05 23:01:27.740000,8750.67,8747.4,2750,130
2020-01-05 23:01:28.033000,8750.67,8747.4,1310,130
2020-01-05 23:01:28.084000,8750.89,8747.38,2750,3
2020-01-05 23:01:28.193000,8750.89,8747.62,1310,3
2020-01-05 23:01:28.244000,8751.09,8747.7,1310,130
2020-01-05 23:01:28.356000,8751.09,8747.7,2750,130
2020-01-05 23:01:28.406000,8750.75,8747.26,2750,130
2020-01-05 23:01:29.070000,8750.75,8747.26,2750,130
2020-01-05 23:01:29.120000,8750.29,8746.75,2750,3
2020-01-05 23:01:29.652000,8750.29,8747.29,1310,3
2020-01-05 23:01:29.703000,8750.5,8747.29,650,1500
2020-01-05 23:01:29.984000,8750.5,8747.42,650,3
2020-01-05 23:01:30.035000,8750.81,8747.42,1400,3
2020-01-05 23:01:30.148000,8750.81,8747.69,650,3
2020-01-05 23:01:30.199000,8750.97,8747.69,1310,3
2020-01-05 23:01:31.334000,8750.97,8747.51,2750,130
2020-01-05 23:01:31.384000,8750.76,8747.3,2750,130
2020-01-05 23:01:31.668000,8750.76,8747.4,1310,3
2020-01-05 23:01:31.719000,8750.83,8747.4,1310,3
2020-01-05 23:01:31.988000,8750.83,8747.38,2750,130
2020-01-05 23:01:32.039000,8750.64,8747.18,1400,130
2020-01-05 23:01:32.387000,8750.64,8747.29,650,3
2020-01-05 23:01:32.437000,8750.69,8747.29,650,3
2020-01-05 23:01:32.547000,8750.69,8747.41,650,3
2020-01-05 23:01:32.598000,8750.97,8747.41,2750,2070
2020-01-05 23:01:32.714000,8750.97,8747.81,1310,3
2020-01-05 23:01:32.765000,8751.18,8747.81,650,3
2020-01-05 23:01:32.873000,8751.18,8747.71,1400,130
2020-01-05 23:01:33.060000,8751.12,8747.67,1400,130
2020-01-05 23:01:33.110000,8750.82,8747.42,2750,3
2020-01-05 23:01:33.218000,8750.82,8747.34,2750,130
2020-01-05 23:01:33.269000,8750.31,8746.9,1400,3
2020-01-05 23:01:33.381000,8750.31,8747.42,650,3
2020-01-05 23:01:33.432000,8750.98,8747.5,2750,130
2020-01-05 23:01:33.697000,8750.98,8747.63,1310,3
2020-01-05 23:01:33.747000,8751.08,8747.7,650,130
2020-01-05 23:01:33.858000,8751.08,8747.7,1400,130
2020-01-05 23:01:33.908000,8750.88,8747.5,650,130
2020-01-05 23:01:34.020000,8750.88,8747.64,650,3
2020-01-05 23:01:34.111000,8751.09,8747.64,650,3
2020-01-05 23:01:34.340000,8751.09,8747.98,650,3
2020-01-05 23:01:34.390000,8751.48,8747.98,2750,3
2020-01-05 23:01:35.039000,8751.48,8747.97,2750,130
2020-01-05 23:01:35.362000,8751.38,8747.86,2750,130
2020-01-05 23:01:35.522000,8751.18,8747.87,650,3
2020-01-05 23:01:35.573000,8751.38,8747.87,2750,3
2020-01-05 23:01:35.683000,8751.38,8747.91,1310,3
2020-01-05 23:01:35.847000,8751.46,8748.14,1310,3
2020-01-05 23:01:35.898000,8751.61,8748.14,1400,3
2020-01-05 23:01:36.006000,8751.61,8748.36,650,3
2020-01-05 23:01:36.056000,8751.79,8748.36,650,3
2020-01-05 23:01:36.488000,8751.79,8748.33,1400,130
2020-01-05 23:01:36.539000,8751.72,8748.29,2750,3
2020-01-05 23:01:36.649000,8751.72,8748.33,1310,3
2020-01-05 23:01:36.700000,8751.81,8748.41,1310,130
2020-01-05 23:01:37.148000,8751.81,8746.38,2750,130
2020-01-05 23:01:37.198000,8749.87,8746.38,2750,130
2020-01-05 23:01:37.309000,8749.87,8746.62,1310,3
2020-01-05 23:01:37.364000,8750.09,8746.9,650,130
2020-01-05 23:01:37.521000,8750.18,8746.99,650,130
2020-01-05 23:01:37.752000,8750.38,8746.89,2750,130
2020-01-05 23:01:37.867000,8750.38,8747.46,1310,3
2020-01-05 23:01:37.917000,8750.92,8747.48,2750,130
2020-01-05 23:01:38.608000,8750.92,8747.64,1310,3
2020-01-05 23:01:38.658000,8751.13,8747.66,2750,130
2020-01-05 23:01:38.770000,8751.13,8747.66,2750,130
2020-01-05 23:01:38.820000,8750.91,8747.43,1310,130
2020-01-05 23:01:38.932000,8750.91,8748.36,650,130
2020-01-05 23:01:38.982000,8751.85,8748.4,2750,3
2020-01-05 23:01:39.095000,8751.85,8748.36,2750,130
2020-01-05 23:01:39.146000,8751.59,8748.18,1400,130
2020-01-05 23:01:39.254000,8751.59,8748.18,1400,130
2020-01-05 23:01:39.305000,8751.32,8747.91,1400,130
2020-01-05 23:01:39.889000,8751.32,8748.0,650,3
2020-01-05 23:01:39.940000,8751.46,8748.0,2750,2070
2020-01-05 23:01:40.047000,8751.46,8748.35,650,3
2020-01-05 23:01:40.098000,8751.81,8748.35,650,3
2020-01-05 23:01:40.209000,8751.81,8748.32,1400,130
2020-01-05 23:01:41.248000,8751.64,8748.44,650,3
2020-01-05 23:01:41.298000,8751.92,8748.44,1400,3
2020-01-05 23:01:41.411000,8751.92,8748.68,650,3
2020-01-05 23:01:42.051000,8752.17,8748.9,1400,130
2020-01-05 23:01:42.102000,8751.97,8748.69,2750,130
2020-01-05 23:01:42.375000,8751.97,8748.69,2750,130
2020-01-05 23:01:42.425000,8751.19,8747.77,650,3
2020-01-05 23:01:42.536000,8751.19,8748.12,650,3
2020-01-05 23:01:42.587000,8751.4,8748.21,650,130
2020-01-05 23:01:42.696000,8751.4,8748.21,1400,130
2020-01-05 23:01:42.747000,8751.21,8747.81,650,3
2020-01-05 23:01:43.021000,8751.21,8747.91,650,3
2020-01-05 23:01:43.071000,8751.29,8747.91,1400,3
2020-01-05 23:01:43.182000,8751.29,8748.5,650,3
2020-01-05 23:01:43.233000,8751.79,8748.5,2750,3
2020-01-05 23:01:43.346000,8751.79,8748.25,2750,130
2020-01-05 23:01:43.942000,8751.79,8748.25,2750,130
2020-01-05 23:01:44.186000,8751.79,8748.25,2750,130
2020-01-05 23:01:44.610000,8750.26,8746.76,2750,3
2020-01-05 23:01:44.909000,8750.26,8746.75,2750,130
2020-01-05 23:01:44.959000,8749.93,8746.5,2750,3
2020-01-05 23:01:45.072000,8749.93,8746.69,1310,3
2020-01-05 23:01:45.122000,8750.11,8746.69,650,1500
2020-01-05 23:01:45.232000,8750.11,8747.59,650,3
2020-01-05 23:01:45.283000,8750.88,8747.59,2750,3
2020-01-05 23:01:45.922000,8750.88,8747.36,2750,130
2020-01-05 23:01:45.972000,8750.36,8746.83,2750,130
2020-01-05 23:01:46.082000,8750.36,8746.95,650,3
2020-01-05 23:01:46.133000,8750.45,8746.95,1400,3
2020-01-05 23:01:46.401000,8750.45,8746.95,2750,3
2020-01-05 23:01:46.561000,8750.28,8746.89,1400,130
2020-01-05 23:01:46.611000,8750.15,8746.7,1400,130
2020-01-05 23:01:47.114000,8750.15,8746.7,1400,130
2020-01-05 23:01:47.164000,8749.38,8745.99,1310,130
2020-01-05 23:01:47.614000,8749.38,8746.15,1310,3
2020-01-05 23:01:47.775000,8749.66,8746.19,2750,130
2020-01-05 23:01:47.826000,8749.4,8746.02,650,3
2020-01-05 23:01:47.936000,8749.4,8746.67,650,3
2020-01-05 23:01:47.987000,8749.91,8746.68,650,130
2020-01-05 23:01:48.099000,8749.91,8746.68,1400,130
2020-01-05 23:01:48.348000,8749.8,8746.39,2750,130
2020-01-05 23:01:48.399000,8749.73,8746.3,1400,130
2020-01-05 23:01:48.503000,8749.73,8746.3,1400,130
2020-01-05 23:01:48.554000,8749.6,8746.21,1310,130
2020-01-05 23:01:48.667000,8749.6,8746.21,2750,130
2020-01-05 23:01:48.717000,8749.46,8745.99,2750,3
2020-01-05 23:01:48.864000,8749.46,8746.13,1310,3
2020-01-05 23:01:48.915000,8749.59,8746.18,650,130
2020-01-05 23:01:49.026000,8749.59,8746.23,650,3
2020-01-05 23:01:49.076000,8749.69,8746.31,650,130
2020-01-05 23:01:49.361000,8749.69,8746.39,1400,3
2020-01-05 23:01:49.597000,8749.68,8746.16,2750,130
2020-01-05 23:01:49.647000,8749.43,8745.98,1310,3
2020-01-05 23:01:50.111000,8749.43,8746.15,1310,3
2020-01-05 23:01:50.162000,8749.63,8746.21,650,130
2020-01-05 23:01:50.496000,8749.63,8746.27,650,3
2020-01-05 23:01:50.546000,8749.73,8746.27,1310,3
2020-01-05 23:01:50.751000,8749.73,8746.34,2750,3
2020-01-05 23:01:50.912000,8749.87,8746.35,2750,130
2020-01-05 23:01:50.962000,8749.71,8746.29,1400,3
2020-01-05 23:01:51.520000,8749.71,8746.22,1400,130
2020-01-05 23:01:51.680000,8749.71,8746.22,1400,130
2020-01-05 23:01:51.883000,8749.71,8746.3,1400,3
2020-01-05 23:01:52.003000,8749.71,8746.35,650,3
2020-01-05 23:01:52.160000,8749.71,8746.25,1400,3
2020-01-05 23:01:52.323000,8749.71,8746.31,650,3
2020-01-05 23:01:52.553000,8749.71,8746.41,1310,130
2020-01-05 23:01:52.603000,8749.84,8746.31,2750,3
2020-01-05 23:01:52.663000,8749.71,8746.31,1310,3
2020-01-05 23:01:53.010000,8749.71,8746.41,650,130
2020-01-05 23:01:53.061000,8749.88,8746.41,650,130
2020-01-05 23:01:53.166000,8749.88,8746.47,1400,3
2020-01-05 23:01:53.473000,8749.96,8746.65,1310,3
2020-01-05 23:01:53.629000,8750.09,8746.96,650,130
2020-01-05 23:01:53.715000,8750.2,8746.96,650,130
2020-01-05 23:01:53.948000,8750.2,8747.19,650,3
2020-01-05 23:01:54.116000,8750.63,8747.41,1310,3
2020-01-05 23:01:54.167000,8750.79,8747.41,1400,3
2020-01-05 23:01:54.276000,8750.79,8747.33,1400,130
2020-01-05 23:01:54.327000,8750.38,8747.1,2750,3
2020-01-05 23:01:54.438000,8750.38,8746.89,2750,130
2020-01-05 23:01:54.489000,8749.98,8746.7,2750,3
2020-01-05 23:01:55.076000,8749.98,8746.63,1310,3
2020-01-05 23:01:55.127000,8750.18,8746.64,2750,130
2020-01-05 23:01:55.236000,8750.18,8746.97,1310,3
2020-01-05 23:01:55.287000,8750.41,8746.97,650,3
2020-01-05 23:01:55.396000,8750.41,8746.92,1400,130
2020-01-05 23:01:55.447000,8748.4,8745.21,650,130
2020-01-05 23:01:55.561000,8748.4,8745.21,1400,130
2020-01-05 23:01:55.612000,8747.9,8744.71,650,3
2020-01-05 23:01:55.914000,8748.22,8744.78,650,3
2020-01-05 23:01:56.185000,8748.22,8745.41,650,3
2020-01-05 23:01:56.236000,8748.8,8745.41,650,3
2020-01-05 23:01:56.342000,8748.8,8745.43,650,3
2020-01-05 23:01:56.392000,8748.91,8745.46,650,130
2020-01-05 23:01:56.504000,8748.91,8745.46,1400,130
2020-01-05 23:01:56.555000,8748.88,8745.38,1310,3
2020-01-05 23:01:56.666000,8748.88,8745.37,2750,130
2020-01-05 23:01:56.716000,8748.31,8744.85,1400,3
2020-01-05 23:01:56.828000,8748.31,8744.98,650,3
2020-01-05 23:01:56.878000,8748.45,8744.98,650,3
2020-01-05 23:01:57.446000,8748.45,8744.92,1400,130
2020-01-05 23:01:57.496000,8748.34,8744.89,2750,3
2020-01-05 23:01:57.606000,8748.34,8744.83,2750,130
2020-01-05 23:01:57.657000,8748.14,8744.66,2750,130
2020-01-05 23:01:57.970000,8748.14,8744.66,2750,130
2020-01-05 23:01:58.020000,8747.95,8744.44,1310,3
2020-01-05 23:01:58.128000,8747.95,8744.42,2750,130
2020-01-05 23:01:58.179000,8747.71,8744.29,650,3
2020-01-05 23:01:58.612000,8747.71,8744.42,650,130
2020-01-05 23:01:58.663000,8747.86,8744.42,2750,130
2020-01-05 23:01:58.772000,8747.86,8744.42,2750,130
2020-01-05 23:01:58.822000,8747.77,8744.26,2750,130
2020-01-05 23:02:00.288000,8747.77,8744.78,1310,3
2020-01-05 23:02:00.338000,8748.22,8744.79,650,130
2020-01-05 23:02:00.452000,8748.22,8744.79,1400,130
2020-01-05 23:02:00.502000,8747.66,8744.11,2750,2070
2020-01-05 23:02:00.770000,8747.66,8744.11,2750,130
2020-01-05 23:02:00.820000,8747.47,8744.01,2750,3
2020-01-05 23:02:00.931000,8747.47,8743.95,2750,130
2020-01-05 23:02:00.981000,8746.99,8743.41,2750,2070
2020-01-05 23:02:01.094000,8746.99,8743.28,2750,3
2020-01-05 23:02:01.145000,8746.79,8743.28,2750,3
2020-01-05 23:02:01.417000,8746.79,8744.21,1310,3
2020-01-05 23:02:01.468000,8747.73,8744.21,1310,2070
2020-01-05 23:02:01.577000,8747.73,8744.45,1310,3
2020-01-05 23:02:01.943000,8747.93,8744.7,2750,130
2020-01-05 23:02:01.993000,8747.86,8744.41,1400,3
2020-01-05 23:02:02.097000,8747.86,8744.89,650,3
2020-01-05 23:02:02.148000,8748.12,8744.89,650,3
2020-01-05 23:02:02.309000,8748.34,8744.89,1310,130
2020-01-05 23:02:02.421000,8748.34,8745.26,1310,3
2020-01-05 23:02:02.471000,8748.69,8745.26,1310,3
2020-01-05 23:02:02.582000,8748.69,8745.36,1310,3
2020-01-05 23:02:02.632000,8748.8,8745.38,1310,130
2020-01-05 23:02:03.301000,8748.74,8745.29,650,130
2020-01-05 23:02:03.568000,8748.74,8745.41,1400,3
2020-01-05 23:02:03.728000,8748.81,8745.32,1400,130
2020-01-05 23:02:03.779000,8748.69,8745.31,1400,130
2020-01-05 23:02:03.890000,8748.69,8745.59,650,3
2020-01-05 23:02:03.941000,8748.87,8745.59,2750,3
2020-01-05 23:02:04.052000,8748.87,8745.64,1310,3
2020-01-05 23:02:04.216000,8748.9,8745.89,650,3
2020-01-05 23:02:04.266000,8749.11,8745.89,650,3
2020-01-05 23:02:04.653000,8749.11,8745.82,1400,130
2020-01-05 23:02:04.703000,8749.16,8745.66,1400,3
2020-01-05 23:02:04.814000,8749.16,8745.84,650,3
2020-01-05 23:02:06.192000,8749.34,8746.0,1310,3
2020-01-05 23:02:06.243000,8749.48,8746.0,2750,3
2020-01-05 23:02:06.352000,8749.48,8745.95,2750,130
2020-01-05 23:02:06.402000,8749.35,8745.92,2750,3
2020-01-05 23:02:06.513000,8749.35,8745.99,1310,3
2020-01-05 23:02:06.675000,8749.47,8746.19,2750,130
2020-01-05 23:02:06.725000,8749.37,8745.87,1400,3
2020-01-05 23:02:07.464000,8749.37,8745.84,1400,130
2020-01-05 23:02:07.514000,8749.26,8745.72,2750,2070
2020-01-05 23:02:07.859000,8749.26,8745.72,2750,130
2020-01-05 23:02:07.910000,8748.94,8745.52,2750,130
2020-01-05 23:02:08.183000,8748.94,8745.52,2750,130
2020-01-05 23:02:08.233000,8748.37,8744.9,1400,130
2020-01-05 23:02:08.342000,8748.37,8744.9,1400,130
2020-01-05 23:02:08.392000,8747.64,8744.15,2750,3
2020-01-05 23:02:08.824000,8747.64,8744.13,2750,130
2020-01-05 23:02:08.874000,8747.4,8744.01,650,130
2020-01-05 23:02:08.985000,8747.4,8744.01,1400,130
2020-01-05 23:02:09.035000,8747.29,8743.89,1400,130
2020-01-05 23:02:09.308000,8747.29,8744.15,650,3
2020-01-05 23:02:09.358000,8747.64,8744.16,650,130
2020-01-05 23:02:09.469000,8747.64,8744.23,650,3
2020-01-05 23:02:09.630000,8747.69,8744.34,1310,3
2020-01-05 23:02:09.681000,8747.78,8744.34,650,2070
2020-01-05 23:02:09.794000,8747.78,8744.34,1400,130
2020-01-05 23:02:09.844000,8747.78,8744.28,2750,3
2020-01-05 23:02:09.954000,8747.78,8744.23,2750,130
2020-01-05 23:02:10.004000,8746.92,8743.49,1310,130
2020-01-05 23:02:10.116000,8746.92,8743.49,2750,130
2020-01-05 23:02:10.166000,8746.61,8743.19,1400,130
2020-01-05 23:02:10.278000,8746.61,8743.43,650,3
2020-01-05 23:02:10.328000,8746.7,8743.44,1310,130
2020-01-05 23:02:10.909000,8746.7,8743.89,1310,3
2020-01-05 23:02:10.960000,8746.91,8743.89,650,3
2020-01-05 23:02:11.707000,8746.91,8743.71,1400,130
2020-01-05 23:02:11.758000,8746.35,8742.87,1310,3
2020-01-05 23:02:12.031000,8746.35,8743.27,1310,3
2020-01-05 23:02:12.081000,8746.76,8743.27,1310,3
2020-01-05 23:02:12.192000,8746.76,8743.24,2750,130
2020-01-05 23:02:12.242000,8746.59,8743.22,1310,130
2020-01-05 23:02:12.353000,8746.59,8743.22,2750,130
2020-01-05 23:02:12.403000,8746.36,8742.89,2750,3
2020-01-05 23:02:13.086000,8746.36,8743.16,1310,3
2020-01-05 23:02:13.136000,8746.4,8743.17,1310,130
2020-01-05 23:02:13.247000,8746.4,8743.17,2750,130
2020-01-05 23:02:13.974000,8746.01,8742.99,650,130
2020-01-05 23:02:14.024000,8746.14,8742.72,2750,1500
2020-01-05 23:02:14.296000,8746.14,8742.72,2750,130
2020-01-05 23:02:14.346000,8745.78,8742.25,2750,3
2020-01-05 23:02:14.456000,8745.78,8742.22,2750,130
2020-01-05 23:02:14.507000,8745.68,8742.2,2750,130
2020-01-05 23:02:14.777000,8745.68,8742.24,1310,3
2020-01-05 23:02:14.828000,8745.72,8742.24,650,3
2020-01-05 23:02:15.507000,8745.72,8742.49,650,3
2020-01-05 23:02:15.668000,8745.92,8742.69,1400,130
2020-01-05 23:02:15.718000,8745.44,8741.93,2750,130
2020-01-05 23:02:15.880000,8745.25,8741.81,1400,130
2020-01-05 23:02:15.991000,8745.25,8741.98,650,3
2020-01-05 23:02:16.041000,8745.43,8741.98,1310,3
2020-01-05 23:02:16.360000,8745.43,8742.16,1310,3
2020-01-05 23:02:16.410000,8745.58,8742.18,1400,130
2020-01-05 23:02:16.681000,8745.58,8742.18,1400,130
2020-01-05 23:02:16.731000,8745.45,8741.98,2750,1500
2020-01-05 23:02:17.004000,8745.45,8742.33,1310,3
2020-01-05 23:02:17.054000,8745.86,8742.36,2750,130
2020-01-05 23:02:17.165000,8745.86,8742.36,2750,130
2020-01-05 23:02:17.216000,8745.37,8742.1,2750,130
2020-01-05 23:02:17.941000,8745.37,8742.1,2750,130
2020-01-05 23:02:17.991000,8745.23,8741.77,1310,130
2020-01-05 23:02:18.101000,8745.23,8742.1,1310,3
2020-01-05 23:02:18.186000,8745.39,8742.1,2750,3
2020-01-05 23:02:18.423000,8745.39,8741.88,2750,130
2020-01-05 23:02:18.474000,8745.19,8741.82,650,3
2020-01-05 23:02:20.582000,8745.19,8741.8,1400,130
2020-01-05 23:02:20.633000,8744.93,8741.5,650,3
2020-01-05 23:02:20.741000,8744.93,8741.78,650,3
2020-01-05 23:02:20.792000,8745.24,8741.78,2750,3
2020-01-05 23:02:20.903000,8745.24,8741.73,2750,130
2020-01-05 23:02:20.953000,8745.16,8741.65,2750,1500
2020-01-05 23:02:21.072000,8745.16,8741.76,1400,130
2020-01-05 23:02:21.809000,8745.23,8741.96,650,3
2020-01-05 23:02:21.859000,8745.45,8741.96,2750,3
2020-01-05 23:02:21.971000,8745.45,8741.9,2750,3
2020-01-05 23:02:22.021000,8745.31,8741.9,650,3
2020-01-05 23:02:22.673000,8745.31,8741.97,650,3
2020-01-05 23:02:22.951000,8745.43,8741.97,2750,3
2020-01-05 23:02:23.121000,8745.21,8741.99,1310,130
2020-01-05 23:02:23.282000,8745.29,8741.9,650,130
2020-01-05 23:02:23.393000,8745.29,8742.12,650,3
2020-01-05 23:02:23.443000,8745.65,8742.12,2750,3
2020-01-05 23:02:23.554000,8745.65,8742.7,1310,3
2020-01-05 23:02:23.605000,8746.16,8742.7,2750,3
2020-01-05 23:02:23.714000,8746.16,8742.85,2750,3
2020-01-05 23:02:23.880000,8746.29,8742.92,2750,130
2020-01-05 23:02:23.931000,8745.79,8742.42,650,3
2020-01-05 23:02:24.037000,8745.79,8743.13,650,3
2020-01-05 23:02:24.087000,8746.63,8743.2,1310,130
2020-01-05 23:02:24.773000,8746.38,8742.99,1310,130
2020-01-05 23:02:25.044000,8746.38,8743.47,1310,3
2020-01-05 23:02:25.095000,8746.98,8743.47,2750,3
2020-01-05 23:02:25.205000,8746.98,8743.42,2750,130
2020-01-05 23:02:25.256000,8746.17,8742.7,2750,3
2020-01-05 23:02:26.203000,8746.17,8742.84,1310,3
2020-01-05 23:02:26.253000,8746.33,8742.9,2750,130
2020-01-05 23:02:26.365000,8746.33,8742.72,2750,3
2020-01-05 23:02:26.416000,8746.15,8742.72,2750,3
2020-01-05 23:02:26.525000,8746.15,8742.88,1310,3
2020-01-05 23:02:26.576000,8746.39,8743.09,2750,130
2020-01-05 23:02:26.686000,8746.39,8743.09,2750,130
2020-01-05 23:02:26.736000,8746.22,8742.75,2750,1500
2020-01-05 23:02:26.848000,8746.22,8742.89,1310,3
2020-01-05 23:02:26.899000,8746.39,8742.89,2750,3
2020-01-05 23:02:27.199000,8746.39,8742.86,2750,130
2020-01-05 23:02:27.365000,8746.29,8742.99,2750,130
2020-01-05 23:02:27.415000,8746.36,8742.88,2750,3
2020-01-05 23:02:27.724000,8746.36,8742.81,2750,130
2020-01-05 23:02:27.774000,8746.19,8742.81,650,130
2020-01-05 23:02:28.036000,8746.19,8742.87,650,3
2020-01-05 23:02:28.087000,8746.38,8742.87,2750,3
2020-01-05 23:02:28.197000,8746.38,8743.19,1310,3
2020-01-05 23:02:28.247000,8746.65,8743.19,2750,3
2020-01-05 23:02:28.358000,8746.65,8743.1,2750,130
2020-01-05 23:02:28.409000,8746.34,8743.1,1400,130
2020-01-05 23:02:28.520000,8746.34,8743.1,1400,130
2020-01-05 23:02:28.570000,8745.25,8741.79,2750,3
2020-01-05 23:02:30.682000,8745.25,8741.79,2750,3
2020-01-05 23:02:30.733000,8744.88,8741.46,1310,130
2020-01-05 23:02:30.897000,8744.88,8741.67,1310,3
2020-01-05 23:02:31.069000,8745.09,8741.74,650,130
2020-01-05 23:02:31.218000,8745.21,8741.74,1400,130
2020-01-05 23:02:32.088000,8745.13,8741.63,2750,130
2020-01-05 23:02:32.238000,8744.82,8741.6,650,130
2020-01-05 23:02:32.399000,8744.7,8741.71,650,3
2020-01-05 23:02:32.449000,8745.1,8741.71,650,3
2020-01-05 23:02:33.183000,8745.1,8741.71,1400,3
2020-01-05 23:02:33.350000,8745.25,8741.77,2750,130
2020-01-05 23:02:33.673000,8744.94,8741.41,2750,130
2020-01-05 23:02:33.723000,8744.81,8741.59,650,130
2020-01-05 23:02:34.079000,8744.81,8741.59,1400,130
2020-01-05 23:02:34.130000,8744.23,8740.8,2750,3
2020-01-05 23:02:34.235000,8744.23,8740.75,2750,130
2020-01-05 23:02:34.286000,8743.93,8740.51,1400,130
2020-01-05 23:02:34.558000,8743.93,8740.76,650,3
2020-01-05 23:02:34.608000,8744.19,8740.8,650,130
2020-01-05 23:02:34.721000,8744.19,8740.8,1400,130
2020-01-05 23:02:35.252000,8743.93,8740.62,1310,3
2020-01-05 23:02:35.303000,8744.09,8740.71,1310,130
2020-01-05 23:02:35.412000,8744.09,8740.71,2750,130
2020-01-05 23:02:35.462000,8743.93,8740.46,2750,130
2020-01-05 23:02:35.982000,8743.93,8740.46,2750,130
2020-01-05 23:02:36.033000,8743.72,8740.28,1400,130
2020-01-05 23:02:36.144000,8743.72,8740.28,1400,130
2020-01-05 23:02:36.194000,8743.41,8740.2,1310,130
2020-01-05 23:02:36.628000,8743.41,8740.2,2750,130
2020-01-05 23:02:36.679000,8743.28,8739.79,2750,130
2020-01-05 23:02:38.886000,8743.39,8739.79,2750,130
2020-01-05 23:02:38.936000,8743.39,8740.19,650,130
2020-01-05 23:02:39.224000,8743.61,8740.19,650,130
2020-01-05 23:02:39.342000,8743.61,8740.19,1400,130
2020-01-05 23:02:39.705000,8743.45,8739.96,2750,130
2020-01-05 23:02:39.755000,8743.31,8739.88,650,3
2020-01-05 23:02:39.867000,8743.31,8739.82,1400,130
2020-01-05 23:02:39.917000,8743.12,8739.71,650,3
2020-01-05 23:02:41.336000,8743.12,8739.69,1400,130
2020-01-05 23:02:41.387000,8742.76,8739.3,2750,130
2020-01-05 23:02:41.898000,8742.76,8739.34,1310,3
2020-01-05 23:02:42.073000,8742.78,8739.37,1400,130
2020-01-05 23:02:42.123000,8742.73,8739.28,1400,130
2020-01-05 23:02:42.397000,8742.73,8739.34,1400,130
2020-01-05 23:02:42.556000,8742.86,8739.47,1310,3
2020-01-05 23:02:42.607000,8742.94,8739.47,1310,1500
2020-01-05 23:02:43.639000,8742.94,8739.36,2750,130
2020-01-05 23:02:43.690000,8742.88,8739.36,2750,130
2020-01-05 23:02:44.361000,8742.88,8739.36,2750,130
2020-01-05 23:02:44.521000,8742.71,8739.33,650,3
2020-01-05 23:02:44.764000,8742.85,8739.47,1310,3
2020-01-05 23:02:44.814000,8742.88,8739.47,650,1500
2020-01-05 23:02:44.923000,8742.88,8739.67,650,3
2020-01-05 23:02:44.974000,8743.15,8739.71,1400,130
2020-01-05 23:02:45.244000,8743.15,8739.71,1400,130
2020-01-05 23:02:45.295000,8742.93,8739.51,2750,130
2020-01-05 23:02:46.803000,8742.93,8739.59,2750,3
2020-01-05 23:02:47.081000,8742.81,8739.37,2750,130
2020-01-05 23:02:47.131000,8742.79,8739.3,2750,130
2020-01-05 23:02:47.240000,8742.79,8739.38,1310,3
2020-01-05 23:02:47.400000,8742.82,8739.33,2750,130
2020-01-05 23:02:47.451000,8742.61,8739.22,650,130
2020-01-05 23:02:47.561000,8742.61,8739.24,650,3
2020-01-05 23:02:47.611000,8742.79,8739.24,2750,2070
2020-01-05 23:02:47.928000,8742.79,8739.24,2750,130
2020-01-05 23:02:47.978000,8742.46,8739.01,2750,3
2020-01-05 23:02:49.025000,8742.46,8738.97,2750,130
2020-01-05 23:02:49.404000,8742.1,8738.89,1310,130
2020-01-05 23:02:49.454000,8742.26,8738.81,2750,3
2020-01-05 23:02:49.726000,8742.26,8738.88,2750,3
2020-01-05 23:02:50.210000,8742.32,8738.9,1400,130
2020-01-05 23:02:50.261000,8742.11,8738.68,1310,3
2020-01-05 23:02:50.371000,8742.11,8738.67,2750,130
2020-01-05 23:02:50.422000,8741.91,8738.69,1400,130
2020-01-05 23:02:50.693000,8741.91,8738.69,1400,130
2020-01-05 23:02:50.743000,8741.88,8738.37,2750,3
2020-01-05 23:02:50.882000,8741.88,8738.51,1310,3
2020-01-05 23:02:50.932000,8741.9,8738.51,1310,3
2020-01-05 23:02:51.093000,8741.9,8738.72,1310,3
2020-01-05 23:02:51.143000,8742.01,8738.75,650,130
2020-01-05 23:02:51.415000,8741.9,8738.7,650,130
2020-01-05 23:02:51.575000,8741.91,8738.51,650,3
2020-01-05 23:02:52.876000,8742.14,8738.9,1400,130
2020-01-05 23:02:52.927000,8742.14,8738.9,650,130
2020-01-05 23:02:53.041000,8742.14,8738.9,1400,130
2020-01-05 23:02:53.092000,8741.97,8738.52,2750,3
2020-01-05 23:02:53.197000,8741.97,8738.67,1400,130
2020-01-05 23:02:53.247000,8742.16,8738.71,1310,3
2020-01-05 23:02:53.359000,8742.16,8738.67,2750,130
2020-01-05 23:02:53.409000,8741.99,8738.48,2750,3
2020-01-05 23:02:54.320000,8741.99,8738.44,2750,130
2020-01-05 23:02:54.475000,8741.61,8738.43,650,3
2020-01-05 23:02:54.525000,8741.91,8738.43,650,2070
2020-01-05 23:02:54.636000,8741.91,8738.43,1400,130
2020-01-05 23:02:54.687000,8741.83,8738.4,650,130
2020-01-05 23:02:54.797000,8741.83,8738.4,1400,130
2020-01-05 23:02:55.251000,8741.7,8738.41,650,3
2020-01-05 23:02:55.302000,8741.86,8738.41,1400,3
2020-01-05 23:02:55.431000,8741.86,8738.47,650,3
2020-01-05 23:02:55.481000,8741.92,8738.47,650,3
2020-01-05 23:02:55.591000,8741.92,8738.7,650,3
2020-01-05 23:02:55.641000,8742.09,8738.7,650,3
2020-01-05 23:02:55.919000,8742.09,8738.62,1400,130
2020-01-05 23:02:55.969000,8741.92,8738.5,1400,3
2020-01-05 23:02:56.645000,8741.92,8738.64,650,3
2020-01-05 23:02:57.129000,8742.15,8738.72,650,3
2020-01-05 23:02:57.179000,8742.25,8738.72,2750,3
2020-01-05 23:02:57.291000,8742.25,8738.88,1310,3
2020-01-05 23:02:57.341000,8742.34,8738.88,2750,3
2020-01-05 23:02:58.899000,8742.34,8739.43,1310,3
2020-01-05 23:02:58.950000,8742.92,8739.69,650,130
2020-01-05 23:02:59.594000,8742.92,8739.69,1400,130
2020-01-05 23:02:59.700000,8742.89,8739.36,2750,130
2020-01-05 23:02:59.757000,8742.89,8739.45,1310,3
2020-01-05 23:02:59.807000,8742.9,8739.45,1310,3
2020-01-05 23:03:00.525000,8742.9,8739.92,1310,3
2020-01-05 23:03:00.576000,8743.42,8739.93,1400,130
2020-01-05 23:03:00.689000,8743.42,8740.29,650,3
2020-01-05 23:03:00.739000,8743.74,8740.3,2750,130
2020-01-05 23:03:01.453000,8743.74,8740.3,2750,130
2020-01-05 23:03:01.504000,8743.4,8740.2,650,3
2020-01-05 23:03:01.612000,8743.69,8740.17,2750,3
2020-01-05 23:03:01.933000,8743.69,8740.26,1310,3
2020-01-05 23:03:01.984000,8743.7,8740.26,650,3
2020-01-05 23:03:03.587000,8743.7,8740.41,1400,3
2020-01-05 23:03:03.748000,8743.7,8740.92,650,3
2020-01-05 23:03:03.799000,8744.47,8740.93,2750,130
2020-01-05 23:03:04.095000,8745.09,8740.93,2750,130
2020-01-05 23:03:04.145000,8745.09,8741.71,650,3
2020-01-05 23:03:04.482000,8745.09,8741.65,1400,130
2020-01-05 23:03:04.533000,8744.83,8741.41,1400,3
2020-01-05 23:03:04.644000,8744.83,8741.71,650,3
2020-01-05 23:03:04.694000,8745.13,8741.71,2750,3
2020-01-05 23:03:04.805000,8745.13,8741.99,2750,3
2020-01-05 23:03:05.288000,8745.28,8741.8,1400,130
2020-01-05 23:03:05.566000,8744.8,8741.46,650,3
2020-01-05 23:03:05.917000,8744.9,8741.49,1400,130
2020-01-05 23:03:06.385000,8744.78,8741.71,650,3
2020-01-05 23:03:06.435000,8745.17,8741.71,2750,3
2020-01-05 23:03:06.548000,8745.17,8741.67,2750,130
2020-01-05 23:03:06.632000,8744.88,8741.38,2750,130
2020-01-05 23:03:06.706000,8744.88,8741.38,2750,130
2020-01-05 23:03:06.757000,8744.77,8741.32,2750,130
2020-01-05 23:03:06.867000,8744.77,8741.37,1310,3
2020-01-05 23:03:06.918000,8744.84,8741.37,650,3
2020-01-05 23:03:07.032000,8744.84,8741.43,650,3
2020-01-05 23:03:07.190000,8744.91,8741.7,2750,130
2020-01-05 23:03:07.241000,8744.8,8741.33,1310,3
2020-01-05 23:03:07.351000,8744.8,8741.85,1310,3
2020-01-05 23:03:07.402000,8745.33,8741.85,1400,3
2020-01-05 23:03:07.672000,8745.33,8742.19,650,3
2020-01-05 23:03:07.722000,8745.66,8742.19,2750,3
2020-01-05 23:03:07.895000,8745.66,8742.14,2750,130
2020-01-05 23:03:07.945000,8745.49,8741.97,2750,130
2020-01-05 23:03:08.057000,8745.49,8742.14,1310,3
2020-01-05 23:03:08.108000,8745.65,8742.2,1310,130
2020-01-05 23:03:08.379000,8745.65,8742.26,1310,3
2020-01-05 23:03:08.539000,8745.75,8742.26,2750,130
2020-01-05 23:03:08.589000,8745.64,8742.2,650,3
2020-01-05 23:03:08.748000,8745.64,8742.24,650,3
2020-01-05 23:03:08.906000,8745.69,8742.34,650,3
2020-01-05 23:03:08.986000,8745.86,8742.39,1310,130
2020-01-05 23:03:09.064000,8745.86,8742.39,2750,130
2020-01-05 23:03:09.114000,8745.65,8742.18,2750,130
2020-01-05 23:03:09.224000,8745.65,8742.26,1310,3
2020-01-05 23:03:09.274000,8745.69,8742.3,650,130
2020-01-05 23:03:09.385000,8745.69,8742.47,650,3
2020-01-05 23:03:09.546000,8745.94,8742.69,2750,130
2020-01-05 23:03:09.596000,8745.61,8742.19,1310,130
2020-01-05 23:03:10.468000,8745.61,8742.31,1310,3
2020-01-05 23:03:10.519000,8745.72,8742.31,2750,3
2020-01-05 23:03:10.952000,8745.72,8742.31,2750,3
2020-01-05 23:03:11.300000,8745.69,8742.39,1310,3
2020-01-05 23:03:11.461000,8745.84,8742.77,1310,3
2020-01-05 23:03:11.511000,8746.27,8742.81,2750,130
2020-01-05 23:03:11.622000,8746.27,8742.81,2750,130
2020-01-05 23:03:11.672000,8745.7,8742.5,650,2070
2020-01-05 23:03:12.120000,8745.7,8742.65,650,3
2020-01-05 23:03:12.170000,8746.17,8742.7,2750,130
2020-01-05 23:03:12.281000,8746.17,8742.71,1310,3
2020-01-05 23:03:12.331000,8746.2,8742.74,650,130
2020-01-05 23:03:12.819000,8746.2,8742.71,1310,3
2020-01-05 23:03:12.870000,8746.18,8742.64,2750,2070
2020-01-05 23:03:12.972000,8746.18,8742.89,1310,3
2020-01-05 23:03:13.023000,8746.34,8742.89,1310,2070
2020-01-05 23:03:14.574000,8746.34,8742.95,1310,3
2020-01-05 23:03:14.625000,8746.45,8743.01,1310,130
2020-01-05 23:03:14.732000,8746.45,8743.01,2750,130
2020-01-05 23:03:14.783000,8745.98,8742.5,2750,3
2020-01-05 23:03:14.896000,8745.98,8742.64,1310,3
2020-01-05 23:03:15.495000,8746.19,8742.68,2750,130
2020-01-05 23:03:15.545000,8745.91,8742.7,1400,130
2020-01-05 23:03:15.918000,8745.91,8742.7,650,130
2020-01-05 23:03:16.078000,8746.16,8742.79,1310,3
2020-01-05 23:03:16.128000,8746.2,8742.79,2750,1500
2020-01-05 23:03:16.473000,8746.2,8742.97,1310,3
2020-01-05 23:03:16.524000,8746.42,8742.97,1400,3
2020-01-05 23:03:17.169000,8746.42,8743.09,1400,3
2020-01-05 23:03:17.329000,8746.11,8742.86,650,130
2020-01-05 23:03:17.379000,8746.19,8742.77,650,130
2020-01-05 23:03:17.831000,8746.19,8742.77,1400,130
2020-01-05 23:03:17.881000,8745.86,8742.6,1400,3
2020-01-05 23:03:18.188000,8745.86,8742.4,1400,130
2020-01-05 23:03:18.239000,8745.7,8742.27,1310,130
2020-01-05 23:03:18.349000,8745.7,8742.41,1310,3
2020-01-05 23:03:18.400000,8745.88,8742.41,2750,3
2020-01-05 23:03:18.672000,8745.88,8742.66,1310,3
2020-01-05 23:03:18.722000,8746.11,8742.69,650,130
2020-01-05 23:03:19.172000,8746.11,8742.35,2750,130
2020-01-05 23:03:19.274000,8745.88,8742.35,2750,130
2020-01-05 23:03:20.068000,8745.88,8742.35,2750,130
2020-01-05 23:03:20.118000,8745.76,8742.28,2750,3
2020-01-05 23:03:20.229000,8745.76,8742.27,2750,130
2020-01-05 23:03:20.279000,8745.63,8742.21,1310,3
2020-01-05 23:03:20.706000,8745.63,8742.29,1310,3
2020-01-05 23:03:20.757000,8745.78,8742.29,2750,3
2020-01-05 23:03:21.070000,8745.78,8742.35,1310,3
2020-01-05 23:03:21.543000,8745.88,8742.33,2750,130
2020-01-05 23:03:21.593000,8745.72,8742.28,2750,130
2020-01-05 23:03:21.864000,8745.72,8742.28,2750,130
2020-01-05 23:03:21.914000,8745.45,8742.0,1310,130
2020-01-05 23:03:22.428000,8745.45,8742.0,2750,130
2020-01-05 23:03:22.478000,8745.14,8741.72,2750,130
2020-01-05 23:03:22.793000,8745.14,8741.72,2750,130
2020-01-05 23:03:22.843000,8744.8,8741.4,2750,1500
2020-01-05 23:03:23.994000,8744.8,8741.4,2750,130
2020-01-05 23:03:24.156000,8744.76,8741.36,1310,3
2020-01-05 23:03:24.206000,8744.6,8741.39,1310,130
2020-01-05 23:03:24.353000,8744.4,8741.39,650,130
2020-01-05 23:03:24.404000,8744.4,8741.0,2750,2070
2020-01-05 23:03:24.478000,8744.4,8741.16,1310,3
2020-01-05 23:03:24.528000,8744.69,8741.17,2750,130
2020-01-05 23:03:24.640000,8744.69,8741.27,1310,3
2020-01-05 23:03:24.691000,8744.77,8741.28,2750,130
2020-01-05 23:03:24.800000,8744.77,8741.4,1310,3
2020-01-05 23:03:24.962000,8744.61,8741.41,1400,130
2020-01-05 23:03:25.012000,8744.64,8741.17,2750,3
2020-01-05 23:03:25.306000,8744.64,8741.25,2750,3
2020-01-05 23:03:25.468000,8744.76,8741.49,1310,130
2020-01-05 23:03:25.518000,8744.8,8741.37,650,130
2020-01-05 23:03:25.629000,8744.8,8741.37,1400,130
2020-01-05 23:03:25.790000,8744.61,8741.39,1400,130
2020-01-05 23:03:25.840000,8744.42,8740.99,650,130
2020-01-05 23:03:26.719000,8744.41,8741.18,650,2070
2020-01-05 23:03:27.303000,8744.41,8741.26,650,3
2020-01-05 23:03:27.353000,8744.78,8741.27,2750,130
2020-01-05 23:03:27.539000,8744.78,8741.27,2750,130
2020-01-05 23:03:27.589000,8744.39,8741.0,1400,130
2020-01-05 23:03:28.036000,8744.39,8741.25,650,3
2020-01-05 23:03:28.086000,8744.76,8741.31,2750,130
2020-01-05 23:03:28.708000,8744.76,8741.31,2750,130
2020-01-05 23:03:28.758000,8744.67,8741.19,2750,130
2020-01-05 23:03:29.094000,8744.67,8741.41,1310,3
2020-01-05 23:03:29.144000,8744.82,8741.41,1310,3
2020-01-05 23:03:29.249000,8744.82,8741.35,2750,130
2020-01-05 23:03:29.299000,8744.61,8741.15,1400,3
2020-01-05 23:03:30.068000,8744.61,8741.12,1400,130
2020-01-05 23:03:30.118000,8744.2,8741.0,1400,130
2020-01-05 23:03:32.772000,8744.2,8741.32,650,3
2020-01-05 23:03:32.822000,8744.72,8741.32,650,3
2020-01-05 23:03:32.931000,8744.72,8741.6,650,3
2020-01-05 23:03:32.982000,8744.83,8741.6,1400,3
2020-01-05 23:03:33.620000,8744.83,8741.89,650,3
2020-01-05 23:03:33.671000,8745.34,8741.89,1400,3
2020-01-05 23:03:34.908000,8745.34,8741.99,650,3
2020-01-05 23:03:35.378000,8745.2,8742.37,650,3
2020-01-05 23:03:35.428000,8745.88,8742.37,2750,3
2020-01-05 23:03:35.983000,8745.88,8742.32,2750,130
2020-01-05 23:03:36.138000,8745.73,8742.39,650,3
2020-01-05 23:03:36.300000,8745.82,8742.35,2750,130
2020-01-05 23:03:36.350000,8744.85,8741.42,2750,130
2020-01-05 23:03:36.462000,8744.85,8741.42,2750,130
2020-01-05 23:03:36.512000,8744.29,8740.8,2750,130
2020-01-05 23:03:37.238000,8744.29,8740.8,2750,130
2020-01-05 23:03:37.288000,8743.41,8740.18,650,3
2020-01-05 23:03:38.058000,8743.41,8740.13,650,130
2020-01-05 23:03:38.396000,8743.38,8740.11,650,3
2020-01-05 23:03:38.558000,8743.59,8740.39,1400,130
2020-01-05 23:03:38.608000,8743.45,8740.0,2750,130
2020-01-05 23:03:41.755000,8743.45,8740.0,2750,130
2020-01-05 23:03:41.806000,8742.9,8739.49,1400,3
2020-01-05 23:03:42.078000,8742.9,8739.47,1400,130
2020-01-05 23:03:42.129000,8742.79,8739.38,1310,3
2020-01-05 23:03:42.239000,8742.79,8739.7,1310,3
2020-01-05 23:03:42.289000,8743.12,8739.7,650,3
2020-01-05 23:03:42.400000,8743.12,8739.87,650,3
2020-01-05 23:03:42.451000,8743.31,8739.87,1310,3
2020-01-05 23:03:42.561000,8743.31,8739.85,2750,130
2020-01-05 23:03:42.612000,8742.95,8739.52,2750,130
2020-01-05 23:03:42.758000,8742.95,8739.59,2750,130
2020-01-05 23:03:42.959000,8742.8,8739.59,650,130
2020-01-05 23:03:43.636000,8742.8,8739.59,1400,130
2020-01-05 23:03:43.687000,8742.74,8739.32,1400,3
2020-01-05 23:03:44.122000,8742.74,8739.7,650,3
2020-01-05 23:03:44.173000,8742.98,8739.7,2750,1500
2020-01-05 23:03:44.339000,8742.98,8739.7,2750,130
2020-01-05 23:03:44.427000,8742.61,8739.4,1400,130
2020-01-05 23:03:44.500000,8742.61,8739.45,650,3
2020-01-05 23:03:44.551000,8742.89,8739.45,650,3
2020-01-05 23:03:45.021000,8742.89,8739.8,650,3
2020-01-05 23:03:45.072000,8743.2,8739.8,1400,3
2020-01-05 23:03:45.980000,8743.2,8739.73,1400,130
2020-01-05 23:03:46.031000,8743.09,8739.68,650,3
2020-01-05 23:03:46.146000,8743.09,8739.63,1400,130
2020-01-05 23:03:46.196000,8742.87,8739.32,2750,2070
2020-01-05 23:03:46.301000,8742.87,8739.44,1310,3
2020-01-05 23:03:46.463000,8742.99,8739.89,1310,3
2020-01-05 23:03:46.514000,8743.12,8739.89,2750,3
2020-01-05 23:03:46.624000,8743.12,8739.69,2750,130
2020-01-05 23:03:46.683000,8742.89,8739.39,2750,3
2020-01-05 23:03:46.786000,8742.89,8739.39,2750,3
2020-01-05 23:03:46.948000,8742.67,8739.2,1400,130
2020-01-05 23:03:46.999000,8742.49,8739.19,2750,1500
2020-01-05 23:03:47.185000,8742.49,8739.19,2750,130
2020-01-05 23:03:47.235000,8742.34,8738.91,2750,3
2020-01-05 23:03:47.510000,8742.34,8738.89,2750,130
2020-01-05 23:03:47.561000,8742.26,8738.8,1400,130
2020-01-05 23:03:47.829000,8742.26,8738.8,1400,130
2020-01-05 23:03:47.880000,8741.95,8738.7,1310,130
2020-01-05 23:03:48.263000,8741.95,8738.7,2750,130
2020-01-05 23:03:48.313000,8741.88,8738.41,2750,130
2020-01-05 23:03:48.981000,8741.71,8738.41,650,130
2020-01-05 23:03:49.032000,8741.71,8738.28,650,130
2020-01-05 23:03:49.113000,8741.71,8738.28,1400,130
2020-01-05 23:03:49.164000,8741.69,8738.18,2750,3
2020-01-05 23:03:49.274000,8741.69,8737.99,2750,3
2020-01-05 23:03:49.324000,8741.41,8737.99,1400,3
2020-01-05 23:03:49.436000,8741.41,8738.15,650,3
2020-01-05 23:03:49.597000,8741.6,8738.16,1400,130
2020-01-05 23:03:49.647000,8741.3,8738.1,650,3
2020-01-05 23:03:50.339000,8741.3,8737.91,1400,130
2020-01-05 23:03:50.390000,8741.12,8737.62,2750,2070
2020-01-05 23:03:50.796000,8741.12,8737.62,2750,130
2020-01-05 23:03:50.846000,8740.9,8737.47,1400,130
2020-01-05 23:03:51.774000,8740.9,8737.62,650,3
2020-01-05 23:03:52.287000,8741.12,8737.72,1310,3
2020-01-05 23:03:52.337000,8741.27,8737.74,2750,130
2020-01-05 23:03:53.490000,8741.27,8737.74,2750,130
2020-01-05 23:03:53.540000,8740.95,8737.47,1310,3
2020-01-05 23:03:53.809000,8740.95,8737.6,2750,3
2020-01-05 23:03:53.971000,8740.78,8737.44,650,3
2020-01-05 23:03:54.022000,8740.96,8737.48,1400,130
2020-01-05 23:03:54.875000,8740.96,8737.48,1400,130
2020-01-05 23:03:54.925000,8740.6,8737.34,1400,130
2020-01-05 23:03:55.086000,8740.74,8737.25,1400,130
2020-01-05 23:03:55.376000,8740.74,8737.32,650,3
2020-01-05 23:03:55.536000,8740.79,8737.32,1400,130
2020-01-05 23:03:55.586000,8740.61,8737.15,1310,1500
2020-01-05 23:03:55.697000,8740.61,8737.15,2750,130
2020-01-05 23:03:56.418000,8740.33,8737.1,2750,130
2020-01-05 23:03:56.468000,8740.01,8736.79,1310,3
2020-01-05 23:03:56.581000,8740.01,8736.89,1310,3
2020-01-05 23:03:56.680000,8740.33,8736.89,2750,3
2020-01-05 23:03:56.744000,8740.33,8736.72,2750,130
2020-01-05 23:03:57.394000,8739.9,8736.72,650,130
2020-01-05 23:03:57.445000,8739.92,8736.5,650,130
2020-01-05 23:03:57.720000,8739.92,8736.5,1400,130
2020-01-05 23:03:57.770000,8739.81,8736.42,650,130
2020-01-05 23:03:57.911000,8739.81,8736.64,650,3
2020-01-05 23:03:57.961000,8740.15,8736.67,2750,130
2020-01-05 23:03:58.232000,8740.15,8736.81,1310,3
2020-01-05 23:03:58.282000,8740.27,8736.81,1400,3
2020-01-05 23:03:58.558000,8740.27,8736.7,2750,130
2020-01-05 23:03:58.608000,8740.11,8736.7,650,130
2020-01-05 23:03:58.716000,8740.11,8736.7,1400,130
2020-01-05 23:03:58.766000,8739.92,8736.46,1400,130
2020-01-05 23:03:59.038000,8739.92,8736.46,1400,130
2020-01-05 23:03:59.198000,8739.78,8736.5,1310,130
2020-01-05 23:03:59.360000,8739.94,8736.48,2750,130
2020-01-05 23:03:59.411000,8739.6,8736.17,1400,3
2020-01-05 23:03:59.713000,8739.6,8736.26,650,3
2020-01-05 23:03:59.763000,8739.51,8736.5,650,130
2020-01-05 23:04:00.126000,8739.62,8736.39,1400,130
2020-01-05 23:04:00.397000,8739.62,8736.39,1400,130
2020-01-05 23:04:00.447000,8739.39,8736.19,650,130
2020-01-05 23:04:00.555000,8739.39,8736.19,1400,130
2020-01-05 23:04:00.606000,8739.33,8735.83,2750,2070
2020-01-05 23:04:00.879000,8739.33,8735.83,2750,130
2020-01-05 23:04:00.929000,8739.29,8735.76,2750,130
2020-01-05 23:04:01.218000,8739.14,8735.76,650,130
2020-01-05 23:04:01.268000,8739.14,8735.68,1310,3
2020-01-05 23:04:01.364000,8739.14,8735.84,1310,3
2020-01-05 23:04:01.414000,8739.3,8735.84,650,2070
2020-01-05 23:04:01.805000,8739.3,8735.96,650,3
2020-01-05 23:04:01.856000,8739.42,8735.97,650,130
2020-01-05 23:04:02.123000,8739.42,8735.97,1400,130
2020-01-05 23:04:02.174000,8739.37,8735.86,2750,130
2020-01-05 23:04:02.357000,8739.37,8735.93,1310,3
2020-01-05 23:04:02.519000,8739.39,8736.4,650,3
2020-01-05 23:04:02.569000,8739.6,8736.4,1400,3
2020-01-05 23:04:02.730000,8739.76,8736.31,1400,130
2020-01-05 23:04:03.173000,8739.76,8736.31,1400,130
2020-01-05 23:04:03.224000,8739.68,8736.16,2750,130
2020-01-05 23:04:03.372000,8739.68,8736.3,1310,3
2020-01-05 23:04:03.423000,8739.76,8736.3,2750,3
2020-01-05 23:04:03.905000,8739.76,8736.25,2750,130
2020-01-05 23:04:03.955000,8739.44,8735.99,1310,130
2020-01-05 23:04:04.067000,8739.44,8735.99,2750,130
2020-01-05 23:04:04.117000,8739.23,8735.79,1400,130
2020-01-05 23:04:04.529000,8739.23,8736.0,1400,130
2020-01-05 23:04:04.580000,8739.48,8736.0,2750,130
2020-01-05 23:04:04.689000,8739.48,8736.21,1310,3
2020-01-05 23:04:04.850000,8739.6,8736.2,1400,3
2020-01-05 23:04:04.902000,8739.47,8736.2,1310,3
2020-01-05 23:04:05.375000,8739.47,8735.93,2750,130
2020-01-05 23:04:05.426000,8739.29,8735.75,2750,3
2020-01-05 23:04:05.697000,8739.29,8735.72,2750,130
2020-01-05 23:04:06.075000,8739.1,8735.76,1400,3
2020-01-05 23:04:06.126000,8739.2,8735.78,1400,130
2020-01-05 23:04:06.251000,8739.09,8735.78,650,130
2020-01-05 23:04:06.302000,8739.09,8735.71,650,130
2020-01-05 23:04:06.729000,8739.09,8735.71,1400,130
2020-01-05 23:04:06.779000,8738.91,8735.5,1310,130
2020-01-05 23:04:06.889000,8738.91,8735.5,2750,130
2020-01-05 23:04:06.940000,8738.85,8735.38,1400,3
2020-01-05 23:04:07.220000,8738.85,8735.27,2750,3
2020-01-05 23:04:07.270000,8738.77,8735.27,2750,3
2020-01-05 23:04:07.372000,8738.77,8735.22,2750,130
2020-01-05 23:04:07.423000,8738.34,8734.81,1400,2070
2020-01-05 23:04:07.855000,8738.34,8735.49,650,3
2020-01-05 23:04:07.905000,8738.7,8735.49,650,3
2020-01-05 23:04:08.015000,8738.7,8735.21,1400,130
2020-01-05 23:04:08.065000,8738.39,8734.86,2750,130
2020-01-05 23:04:08.176000,8738.39,8734.86,2750,130
2020-01-05 23:04:08.227000,8738.21,8734.78,650,3
2020-01-05 23:04:08.338000,8738.21,8734.77,1400,130
2020-01-05 23:04:08.707000,8738.17,8734.63,2750,130
2020-01-05 23:04:08.757000,8737.98,8734.51,2750,130
2020-01-05 23:04:08.867000,8737.98,8734.51,2750,130
2020-01-05 23:04:08.917000,8737.77,8734.3,2750,3
2020-01-05 23:04:09.028000,8737.77,8734.28,2750,130
2020-01-05 23:04:09.078000,8737.39,8734.02,650,3
2020-01-05 23:04:09.958000,8737.39,8734.1,1400,3
2020-01-05 23:04:10.279000,8737.31,8733.89,2750,130
2020-01-05 23:04:10.330000,8736.58,8733.18,1310,3
2020-01-05 23:04:10.899000,8736.58,8733.28,1310,3
2020-01-05 23:04:10.950000,8736.7,8733.31,2750,130
2020-01-05 23:04:11.063000,8736.7,8733.31,2750,130
2020-01-05 23:04:11.113000,8736.58,8733.18,650,130
2020-01-05 23:04:11.378000,8736.58,8733.18,1400,130
2020-01-05 23:04:11.429000,8736.36,8732.89,2750,3
2020-01-05 23:04:11.704000,8736.36,8732.76,2750,130
2020-01-05 23:04:11.754000,8736.26,8732.76,2750,130
2020-01-05 23:04:11.861000,8736.26,8732.81,1310,3
2020-01-05 23:04:11.911000,8736.34,8732.83,2750,130
2020-01-05 23:04:12.717000,8736.34,8733.22,650,130
2020-01-05 23:04:12.767000,8736.63,8733.22,1310,130
2020-01-05 23:04:12.878000,8736.63,8732.75,2750,130
2020-01-05 23:04:12.928000,8736.24,8732.75,650,130
2020-01-05 23:04:13.039000,8736.24,8732.75,1400,130
2020-01-05 23:04:13.090000,8736.09,8732.7,650,3
2020-01-05 23:04:14.241000,8736.09,8732.72,650,3
2020-01-05 23:04:14.292000,8736.28,8732.72,2750,3
2020-01-05 23:04:14.403000,8736.28,8732.71,2750,130
2020-01-05 23:04:14.454000,8736.13,8732.66,1400,130
2020-01-05 23:04:15.617000,8736.13,8732.78,650,3
2020-01-05 23:04:15.667000,8736.27,8732.78,2750,3
2020-01-05 23:04:16.432000,8736.27,8732.87,1310,3
2020-01-05 23:04:16.482000,8736.34,8732.87,2750,2070
2020-01-05 23:04:16.590000,8736.34,8732.87,2750,130
2020-01-05 23:04:16.640000,8735.4,8732.13,1400,3
2020-01-05 23:04:17.288000,8735.4,8732.3,650,3
2020-01-05 23:04:17.338000,8735.74,8732.3,2750,3
2020-01-05 23:04:17.446000,8735.74,8732.21,2750,130
2020-01-05 23:04:17.496000,8735.67,8732.2,2750,2070
2020-01-05 23:04:17.608000,8735.67,8732.2,2750,2070
2020-01-05 23:04:17.658000,8735.43,8732.2,650,3
2020-01-05 23:04:17.983000,8735.43,8732.3,650,130
2020-01-05 23:04:18.034000,8735.76,8732.3,1400,130
2020-01-05 23:04:18.462000,8735.76,8732.3,1400,130
2020-01-05 23:04:18.513000,8735.66,8732.19,1310,3
2020-01-05 23:04:18.623000,8735.66,8732.18,2750,130
2020-01-05 23:04:18.674000,8735.35,8731.89,2750,130
2020-01-05 23:04:18.785000,8735.35,8731.99,2750,3
2020-01-05 23:04:19.751000,8735.42,8731.95,2750,130
2020-01-05 23:04:19.912000,8735.19,8732.01,650,3
2020-01-05 23:04:19.962000,8735.39,8732.01,1400,3
2020-01-05 23:04:20.395000,8735.39,8731.98,1400,130
2020-01-05 23:04:21.210000,8735.34,8732.3,650,3
2020-01-05 23:04:21.261000,8735.76,8732.3,1400,3
2020-01-05 23:04:21.368000,8735.76,8732.19,2750,130
2020-01-05 23:04:21.419000,8735.67,8732.19,2750,130
2020-01-05 23:04:21.527000,8735.67,8732.22,1310,3
2020-01-05 23:04:21.578000,8735.78,8732.29,2750,130
2020-01-05 23:04:21.689000,8735.78,8732.29,2750,130
2020-01-05 23:04:21.740000,8735.63,8732.16,2750,3
2020-01-05 23:04:21.848000,8735.63,8732.29,1310,3
2020-01-05 23:04:21.899000,8735.73,8732.29,650,3
2020-01-05 23:04:22.009000,8735.73,8732.24,1400,130
2020-01-05 23:04:22.060000,8735.58,8732.19,1310,3
2020-01-05 23:04:22.170000,8735.58,8732.11,2750,130
2020-01-05 23:04:22.220000,8735.01,8731.82,1400,130
2020-01-05 23:04:22.560000,8735.01,8732.12,650,3
2020-01-05 23:04:22.610000,8735.62,8732.16,1310,130
2020-01-05 23:04:23.205000,8735.62,8732.16,2750,130
2020-01-05 23:04:23.255000,8735.4,8731.99,650,3
2020-01-05 23:04:23.549000,8735.4,8732.15,1400,3
2020-01-05 23:04:23.867000,8735.68,8732.14,2750,130
2020-01-05 23:04:23.917000,8735.44,8732.02,1310,3
2020-01-05 23:04:24.189000,8735.44,8732.15,1310,3
2020-01-05 23:04:24.239000,8735.63,8732.15,2750,2070
2020-01-05 23:04:24.505000,8735.63,8732.29,1310,3
2020-01-05 23:04:24.555000,8735.73,8732.29,650,3
2020-01-05 23:04:24.658000,8735.73,8732.27,1400,130
2020-01-05 23:04:24.709000,8735.61,8732.22,2750,3
2020-01-05 23:04:24.820000,8735.61,8732.2,2750,130
2020-01-05 23:04:24.870000,8735.38,8731.89,2750,130
2020-01-05 23:04:24.980000,8735.38,8732.14,1310,3
2020-01-05 23:04:25.141000,8735.68,8732.13,2750,130
2020-01-05 23:04:25.192000,8735.36,8731.82,2750,2070
2020-01-05 23:04:25.468000,8735.36,8731.82,2750,130
2020-01-05 23:04:25.518000,8735.2,8731.77,1310,3
2020-01-05 23:04:26.242000,8735.2,8731.74,2750,130
2020-01-05 23:04:26.292000,8734.8,8731.41,2750,130
2020-01-05 23:04:26.784000,8734.8,8731.41,2750,130
2020-01-05 23:04:26.834000,8734.79,8731.3,2750,3
2020-01-05 23:04:26.941000,8734.79,8731.27,2750,130
2020-01-05 23:04:27.102000,8734.59,8731.17,1400,130
2020-01-05 23:04:27.152000,8734.32,8730.85,650,3
2020-01-05 23:04:27.264000,8734.32,8731.13,650,3
2020-01-05 23:04:27.314000,8734.67,8731.13,2750,3
2020-01-05 23:04:27.433000,8734.67,8731.12,2750,130
2020-01-05 23:04:27.483000,8734.32,8730.9,2750,3
2020-01-05 23:04:27.588000,8734.32,8730.98,650,3
2020-01-05 23:04:27.638000,8734.38,8730.98,650,3
2020-01-05 23:04:27.964000,8734.38,8730.93,1400,130
2020-01-05 23:04:28.014000,8734.39,8730.87,2750,3
2020-01-05 23:04:28.124000,8734.39,8730.85,2750,130
2020-01-05 23:04:28.450000,8734.12,8730.89,1400,130
2020-01-05 23:04:28.501000,8734.23,8730.81,1400,130
2020-01-05 23:04:28.608000,8734.23,8730.89,650,3
2020-01-05 23:04:28.659000,8734.38,8730.89,2750,1500
2020-01-05 23:04:29.143000,8734.38,8730.47,2750,2070
2020-01-05 23:04:29.193000,8733.9,8730.47,650,2070
2020-01-05 23:04:29.301000,8733.9,8730.47,1400,130
2020-01-05 23:04:29.352000,8733.87,8730.4,2750,130
2020-01-05 23:04:29.624000,8733.87,8730.52,1310,3
2020-01-05 23:04:29.674000,8733.98,8730.52,2750,3
2020-01-05 23:04:29.765000,8733.98,8732.77,1310,3
2020-01-05 23:04:29.816000,8736.19,8732.77,650,2070
2020-01-05 23:04:29.927000,8736.19,8732.94,650,3
2020-01-05 23:04:30.087000,8736.2,8733.0,1400,3
2020-01-05 23:04:30.137000,8736.0,8733.0,1400,3
2020-01-05 23:04:30.297000,8736.09,8732.65,650,130
2020-01-05 23:04:30.408000,8736.09,8732.81,650,3
2020-01-05 23:04:30.459000,8736.27,8732.81,2750,1500
2020-01-05 23:04:30.570000,8736.27,8732.66,2750,2070
2020-01-05 23:04:30.621000,8736.18,8732.66,2750,1500
2020-01-05 23:04:30.730000,8736.18,8732.77,2750,3
2020-01-05 23:04:31.350000,8736.28,8732.91,1310,3
2020-01-05 23:04:31.401000,8736.29,8732.91,650,3
2020-01-05 23:04:31.672000,8736.29,8733.12,650,3
2020-01-05 23:04:31.723000,8736.66,8733.16,2750,130
2020-01-05 23:04:31.833000,8736.66,8733.27,1310,3
2020-01-05 23:04:31.884000,8736.72,8733.27,1400,3
2020-01-05 23:04:31.995000,8736.72,8733.25,1400,130
2020-01-05 23:04:32.045000,8736.6,8733.2,650,3
2020-01-05 23:04:32.320000,8736.6,8733.18,1400,130
2020-01-05 23:04:32.371000,8736.42,8732.96,2750,3
2020-01-05 23:04:32.475000,8736.42,8733.1,2750,3
2020-01-05 23:04:32.525000,8736.33,8733.1,2750,3
2020-01-05 23:04:32.638000,8736.33,8732.84,2750,130
2020-01-05 23:04:32.689000,8736.28,8732.81,2750,3
2020-01-05 23:04:33.067000,8736.28,8733.2,1310,3
2020-01-05 23:04:33.118000,8736.59,8733.21,1400,130
2020-01-05 23:04:33.228000,8736.59,8733.21,1400,130
2020-01-05 23:04:33.278000,8736.34,8732.91,650,130
2020-01-05 23:04:33.389000,8736.34,8733.13,650,3
2020-01-05 23:04:33.439000,8736.41,8733.13,650,3
2020-01-05 23:04:33.550000,8736.41,8733.51,650,3
2020-01-05 23:04:33.601000,8736.71,8733.51,650,3
2020-01-05 23:04:33.712000,8736.71,8733.42,1400,130
2020-01-05 23:04:33.762000,8736.79,8733.4,1400,130
2020-01-05 23:04:33.879000,8736.79,8733.4,1400,130
2020-01-05 23:04:33.929000,8736.2,8732.78,650,3
2020-01-05 23:04:34.035000,8736.2,8732.86,650,3
2020-01-05 23:04:34.197000,8736.28,8733.18,650,3
2020-01-05 23:04:34.247000,8736.67,8733.18,1310,3
2020-01-05 23:04:34.519000,8736.67,8733.39,1310,3
2020-01-05 23:04:34.569000,8736.89,8733.39,2750,3
2020-01-05 23:04:34.680000,8736.89,8733.68,1310,3
2020-01-05 23:04:34.731000,8737.13,8733.68,2750,3
2020-01-05 23:04:34.840000,8737.13,8733.67,2750,130
2020-01-05 23:04:35.314000,8736.89,8733.7,1400,130
2020-01-05 23:04:35.364000,8736.08,8732.64,1310,3
2020-01-05 23:04:35.861000,8736.08,8732.61,2750,130
2020-01-05 23:04:35.912000,8735.76,8732.26,2750,130
2020-01-05 23:04:36.680000,8735.76,8732.26,2750,130
2020-01-05 23:04:36.730000,8735.43,8731.99,1310,3
2020-01-05 23:04:37.617000,8735.43,8732.77,650,130
2020-01-05 23:04:37.670000,8736.28,8733.0,2750,3
2020-01-05 23:04:39.284000,8736.28,8733.09,1310,3
2020-01-05 23:04:39.335000,8736.36,8733.09,2750,3
2020-01-05 23:04:40.243000,8736.36,8733.63,1310,3
2020-01-05 23:04:40.293000,8737.13,8733.67,2750,130
2020-01-05 23:04:40.400000,8737.13,8733.67,2750,130
2020-01-05 23:04:40.451000,8736.97,8733.47,2750,130
2020-01-05 23:04:40.562000,8736.97,8733.7,1310,3
2020-01-05 23:04:40.888000,8737.08,8733.8,650,3
2020-01-05 23:04:40.938000,8737.2,8733.8,650,3
2020-01-05 23:04:41.072000,8737.2,8734.19,650,3
2020-01-05 23:04:41.122000,8737.59,8734.19,650,3
2020-01-05 23:04:41.541000,8737.59,8734.23,1400,3
2020-01-05 23:04:41.700000,8737.69,8734.89,650,3
2020-01-05 23:04:41.751000,8738.28,8734.89,650,1500
2020-01-05 23:04:42.419000,8738.28,8735.02,650,3
2020-01-05 23:04:42.469000,8738.45,8735.02,2750,3
2020-01-05 23:04:42.574000,8738.45,8735.4,1310,3
2020-01-05 23:04:42.624000,8738.85,8735.4,2750,3
2020-01-05 23:04:42.843000,8738.85,8735.35,2750,130
2020-01-05 23:04:42.893000,8738.74,8735.28,1400,130
2020-01-05 23:04:42.999000,8738.74,8735.28,1400,130
2020-01-05 23:04:43.199000,8738.31,8734.91,2750,130
2020-01-05 23:04:43.467000,8738.31,8735.24,1310,3
2020-01-05 23:04:43.518000,8738.75,8735.29,2750,130
2020-01-05 23:04:43.629000,8738.75,8735.33,1310,3
2020-01-05 23:04:43.679000,8738.79,8735.33,650,2070
2020-01-05 23:04:44.021000,8738.71,8735.5,650,130
2020-01-05 23:04:44.131000,8738.71,8735.67,650,3
2020-01-05 23:04:44.181000,8738.91,8735.67,650,3
2020-01-05 23:04:44.703000,8738.91,8736.12,650,3
2020-01-05 23:04:44.753000,8739.65,8736.18,1310,130
2020-01-05 23:04:44.863000,8739.65,8736.18,2750,130
2020-01-05 23:04:45.025000,8739.2,8736.2,650,130
2020-01-05 23:04:45.076000,8739.31,8735.87,1310,130
2020-01-05 23:04:45.186000,8739.31,8736.2,1310,3
2020-01-05 23:04:45.236000,8739.63,8736.2,2750,1500
2020-01-05 23:04:45.348000,8739.63,8736.2,2750,130
2020-01-05 23:04:45.399000,8739.01,8735.82,650,3
2020-01-05 23:04:45.510000,8739.01,8736.19,650,3
2020-01-05 23:04:45.560000,8739.67,8736.21,2750,130
2020-01-05 23:04:46.489000,8739.67,8736.25,2750,3
2020-01-05 23:04:46.650000,8739.72,8736.88,650,3
2020-01-05 23:04:46.701000,8740.33,8736.88,1400,3
2020-01-05 23:04:46.971000,8740.33,8736.93,1400,3
2020-01-05 23:04:47.132000,8740.43,8737.13,1310,3
2020-01-05 23:04:47.183000,8740.62,8737.17,1310,130
2020-01-05 23:04:47.293000,8740.62,8737.17,2750,130
2020-01-05 23:04:47.344000,8740.29,8736.89,650,3
2020-01-05 23:04:47.455000,8740.29,8736.85,1400,130
2020-01-05 23:04:47.505000,8740.21,8736.78,1400,130
2020-01-05 23:04:47.616000,8740.21,8737.62,650,3
2020-01-05 23:04:47.666000,8741.12,8737.62,650,3
2020-01-05 23:04:47.775000,8741.12,8737.61,1400,130
2020-01-05 23:04:47.826000,8740.59,8737.21,1400,3
2020-01-05 23:04:47.935000,8740.59,8737.33,650,3
2020-01-05 23:04:47.985000,8740.79,8737.33,650,2070
2020-01-05 23:04:48.277000,8740.79,8737.65,650,3
2020-01-05 23:04:48.327000,8741.14,8737.69,2750,130
2020-01-05 23:04:48.438000,8741.14,8737.69,2750,130
2020-01-05 23:04:48.489000,8740.94,8737.5,650,3
2020-01-05 23:04:48.601000,8740.94,8737.64,650,3
2020-01-05 23:04:48.763000,8741.17,8737.9,2750,130
2020-01-05 23:04:48.813000,8737.85,8734.4,1310,130
2020-01-05 23:04:48.959000,8737.85,8734.86,1310,3
2020-01-05 23:04:49.009000,8738.31,8734.86,650,3
2020-01-05 23:04:49.287000,8738.31,8734.98,1400,3
2020-01-05 23:04:49.438000,8738.44,8737.25,1310,3
2020-01-05 23:04:49.489000,8740.68,8737.25,650,3
2020-01-05 23:04:49.602000,8740.68,8737.22,1400,130
2020-01-05 23:04:49.652000,8740.31,8736.83,1400,2070
2020-01-05 23:04:49.759000,8740.31,8736.83,1400,130
2020-01-05 23:04:49.859000,8740.23,8736.82,650,130
2020-01-05 23:04:49.972000,8739.91,8736.47,1310,130
2020-01-05 23:04:50.686000,8739.91,8736.61,1310,3
2020-01-05 23:04:50.845000,8740.1,8736.89,1310,130
2020-01-05 23:04:50.896000,8740.26,8736.79,1310,3
2020-01-05 23:04:51.007000,8740.26,8737.41,1310,3
2020-01-05 23:04:51.058000,8740.86,8737.41,1400,3
2020-01-05 23:04:51.170000,8740.86,8737.33,1400,130
2020-01-05 23:04:51.221000,8740.41,8737.19,1400,130
2020-01-05 23:04:51.553000,8740.41,8737.19,650,130
2020-01-05 23:04:51.604000,8740.68,8737.17,2750,3
2020-01-05 23:04:51.947000,8740.68,8737.11,2750,130
2020-01-05 23:04:52.645000,8740.44,8737.01,2750,130
2020-01-05 23:04:52.696000,8740.3,8736.9,650,1500
2020-01-05 23:04:52.835000,8740.3,8736.9,1400,130
2020-01-05 23:04:52.885000,8740.22,8736.8,2750,1500
2020-01-05 23:04:52.994000,8740.22,8736.8,2750,130
2020-01-05 23:04:53.044000,8739.88,8736.52,650,2070
2020-01-05 23:04:53.318000,8739.88,8736.85,650,3
2020-01-05 23:04:53.368000,8740.34,8736.92,2750,130
2020-01-05 23:04:54.131000,8740.34,8736.92,2750,130
2020-01-05 23:04:54.182000,8739.93,8736.46,650,130
2020-01-05 23:04:54.708000,8739.93,8736.46,1400,130
2020-01-05 23:04:54.758000,8739.79,8736.37,650,130
2020-01-05 23:04:54.868000,8739.79,8736.37,1400,130
2020-01-05 23:04:54.918000,8739.76,8736.3,2750,130
2020-01-05 23:04:55.028000,8739.76,8736.3,2750,130
2020-01-05 23:04:55.078000,8739.38,8736.01,650,3
2020-01-05 23:04:55.433000,8739.38,8735.92,1400,130
2020-01-05 23:04:55.797000,8739.36,8736.16,1310,3
2020-01-05 23:04:55.847000,8739.69,8736.2,2750,130
2020-01-05 23:04:57.043000,8739.69,8736.69,1310,3
2020-01-05 23:04:57.093000,8739.97,8736.69,1310,3
2020-01-05 23:04:57.696000,8739.97,8736.46,2750,130
2020-01-05 23:04:57.746000,8739.65,8736.18,650,3
2020-01-05 23:04:58.018000,8739.65,8736.25,650,3
2020-01-05 23:04:58.068000,8739.72,8736.26,650,130
2020-01-05 23:04:58.449000,8739.72,8737.0,650,3
2020-01-05 23:04:58.499000,8740.45,8737.0,2750,3
2020-01-05 23:04:59.590000,8740.45,8737.14,1310,3
2020-01-05 23:05:00.468000,8740.59,8737.49,650,3
2020-01-05 23:05:00.519000,8740.75,8737.49,2750,3
2020-01-05 23:05:01.223000,8740.75,8737.61,1310,3
2020-01-05 23:05:01.274000,8741.12,8737.69,650,130
2020-01-05 23:05:01.747000,8741.12,8737.8,650,130
2020-01-05 23:05:01.798000,8741.18,8737.8,1400,130
2020-01-05 23:05:01.899000,8741.18,8738.33,650,3
2020-01-05 23:05:01.950000,8741.89,8738.38,2750,130
2020-01-05 23:05:02.062000,8741.89,8738.7,1310,3
2020-01-05 23:05:02.112000,8742.14,8738.7,2750,3
2020-01-05 23:05:02.231000,8742.14,8738.69,2750,130
2020-01-05 23:05:02.281000,8741.96,8738.48,1400,3
2020-01-05 23:05:02.728000,8741.96,8738.64,650,3
2020-01-05 23:05:03.076000,8742.13,8738.62,2750,130
2020-01-05 23:05:03.126000,8741.46,8738.19,1400,3
2020-01-05 23:05:03.235000,8741.46,8738.16,650,3
2020-01-05 23:05:03.286000,8741.64,8738.4,1400,130
2020-01-05 23:05:03.558000,8741.64,8738.4,650,130
2020-01-05 23:05:04.250000,8741.72,8738.41,650,3
2020-01-05 23:05:04.301000,8741.84,8738.41,1400,3
2020-01-05 23:05:04.412000,8741.84,8738.36,1400,130
2020-01-05 23:05:04.462000,8741.44,8738.01,2750,3
2020-01-05 23:05:04.756000,8741.44,8737.92,2750,130
2020-01-05 23:05:04.806000,8741.29,8737.73,2750,3
2020-01-05 23:05:04.917000,8741.29,8737.96,1310,3
2020-01-05 23:05:04.967000,8741.4,8737.96,1310,3
2020-01-05 23:05:05.083000,8741.4,8737.94,2750,130
2020-01-05 23:05:05.134000,8740.9,8737.69,650,130
2020-01-05 23:05:05.287000,8741.14,8737.65,2750,130
2020-01-05 23:05:05.397000,8741.14,8737.65,2750,130
2020-01-05 23:05:05.448000,8740.91,8737.47,2750,3
2020-01-05 23:05:05.934000,8740.91,8737.45,2750,130
2020-01-05 23:05:05.984000,8740.81,8737.35,2750,130
2020-01-05 23:05:06.302000,8740.81,8737.35,2750,130
2020-01-05 23:05:06.392000,8740.77,8737.29,2750,130
2020-01-05 23:05:07.104000,8740.77,8737.29,2750,130
2020-01-05 23:05:07.154000,8740.68,8737.2,2750,1500
2020-01-05 23:05:07.796000,8740.68,8737.28,1310,3
2020-01-05 23:05:07.846000,8740.79,8737.28,2750,3
2020-01-05 23:05:09.067000,8740.79,8737.22,2750,2070
2020-01-05 23:05:09.117000,8740.62,8737.22,650,3
2020-01-05 23:05:09.307000,8740.62,8737.17,1400,130
2020-01-05 23:05:09.357000,8740.44,8737.02,1400,3
2020-01-05 23:05:09.632000,8740.44,8737.4,650,3
2020-01-05 23:05:09.682000,8740.6,8737.4,650,3
2020-01-05 23:05:10.058000,8740.6,8737.22,1400,130
2020-01-05 23:05:10.109000,8740.48,8737.01,2750,3
2020-01-05 23:05:10.218000,8740.48,8737.17,1310,3
2020-01-05 23:05:10.269000,8740.64,8737.17,650,1500
2020-01-05 23:05:10.602000,8740.64,8737.17,1400,130
2020-01-05 23:05:10.652000,8740.47,8736.95,2750,130
2020-01-05 23:05:10.762000,8740.47,8736.95,2750,130
2020-01-05 23:05:10.928000,8740.35,8737.1,2750,130
2020-01-05 23:05:10.978000,8740.22,8736.8,2750,3
2020-01-05 23:05:11.359000,8740.22,8736.73,2750,130
2020-01-05 23:05:11.409000,8740.18,8736.65,2750,3
2020-01-05 23:05:11.680000,8740.18,8736.78,650,130
2020-01-05 23:05:12.818000,8740.21,8736.86,1400,3
2020-01-05 23:05:14.574000,8740.43,8736.87,2750,130
2020-01-05 23:05:14.625000,8740.43,8736.98,650,3
2020-01-05 23:05:17.397000,8740.43,8736.94,1400,130
2020-01-05 23:05:17.448000,8740.35,8736.91,2750,130
2020-01-05 23:05:17.559000,8740.35,8736.91,2750,130
2020-01-05 23:05:17.610000,8740.25,8736.81,1400,130
2020-01-05 23:05:17.724000,8740.25,8736.3,2750,3
2020-01-05 23:05:17.775000,8739.74,8736.3,1400,3
2020-01-05 23:05:18.043000,8739.74,8736.37,1400,3
2020-01-05 23:05:18.204000,8739.87,8736.34,2750,130
2020-01-05 23:05:18.255000,8739.69,8736.26,650,130
2020-01-05 23:05:18.541000,8739.69,8736.26,1400,130
2020-01-05 23:05:18.591000,8738.95,8735.52,1310,3
2020-01-05 23:05:18.881000,8738.95,8736.18,1310,3
2020-01-05 23:05:18.932000,8739.6,8736.2,1400,130
2020-01-05 23:05:19.071000,8739.6,8736.2,1400,130
2020-01-05 23:05:19.121000,8739.25,8735.77,1400,130
2020-01-05 23:05:20.300000,8739.25,8735.96,650,3
2020-01-05 23:05:20.461000,8739.48,8736.2,2750,130
2020-01-05 23:05:20.511000,8739.39,8735.9,2750,130
2020-01-05 23:05:20.621000,8739.39,8735.96,1310,3
2020-01-05 23:05:20.672000,8739.47,8735.99,2750,130
2020-01-05 23:05:21.369000,8739.47,8735.99,2750,130
2020-01-05 23:05:21.419000,8739.08,8735.68,650,3
2020-01-05 23:05:23.423000,8739.08,8735.82,650,3
2020-01-05 23:05:23.583000,8739.01,8735.81,650,130
2020-01-05 23:05:23.633000,8739.17,8735.66,650,130
2020-01-05 23:05:23.937000,8739.17,8735.82,650,3
2020-01-05 23:05:23.988000,8739.28,8735.82,2750,3
2020-01-05 23:05:24.098000,8739.28,8736.01,1310,3
2020-01-05 23:05:24.149000,8739.46,8736.01,1400,2070
2020-01-05 23:05:24.887000,8739.46,8736.22,650,3
2020-01-05 23:05:24.937000,8739.66,8736.22,2750,3
2020-01-05 23:05:26.750000,8739.66,8736.15,2750,130
2020-01-05 23:05:26.800000,8739.37,8735.88,2750,1500
2020-01-05 23:05:28.507000,8739.37,8736.29,1310,3
2020-01-05 23:05:28.557000,8739.76,8736.29,2750,3
2020-01-05 23:05:28.721000,8739.81,8736.37,650,3
2020-01-05 23:05:28.919000,8739.81,8736.51,650,3
2020-01-05 23:05:28.969000,8739.91,8736.51,2750,3
2020-01-05 23:05:29.075000,8739.91,8736.44,2750,130
2020-01-05 23:05:29.126000,8739.88,8736.36,1400,3
2020-01-05 23:05:29.421000,8739.88,8736.45,650,3
2020-01-05 23:05:29.586000,8739.94,8736.64,1310,3
2020-01-05 23:05:29.936000,8740.11,8736.64,1310,3
2020-01-05 23:05:29.986000,8739.95,8736.52,1310,130
2020-01-05 23:05:30.100000,8739.95,8736.66,1310,3
2020-01-05 23:05:30.593000,8740.11,8736.74,650,3
2020-01-05 23:05:30.643000,8740.21,8736.8,1310,130
2020-01-05 23:05:30.753000,8740.21,8736.8,2750,130
2020-01-05 23:05:30.803000,8740.12,8736.67,2750,130
2020-01-05 23:05:30.914000,8740.12,8736.81,1310,3
2020-01-05 23:05:30.964000,8740.23,8736.81,1400,3
2020-01-05 23:05:31.076000,8740.23,8736.87,1400,130
2020-01-05 23:05:31.627000,8740.1,8737.19,650,3
2020-01-05 23:05:31.677000,8740.44,8737.19,650,3
2020-01-05 23:05:31.961000,8740.44,8736.94,1400,130
2020-01-05 23:05:32.011000,8739.71,8736.25,1310,3
2020-01-05 23:05:32.122000,8739.71,8736.39,2750,3
2020-01-05 23:05:32.173000,8739.58,8736.39,650,1500
2020-01-05 23:05:32.334000,8739.74,8736.32,1310,3
2020-01-05 23:05:39.440000,8739.74,8737.0,1310,3
2020-01-05 23:05:39.491000,8740.41,8737.01,1310,130
2020-01-05 23:05:44.120000,8740.41,8737.01,2750,130
2020-01-05 23:05:44.282000,8740.19,8736.95,650,3
2020-01-05 23:05:44.332000,8740.43,8736.95,2750,3
2020-01-05 23:05:45.183000,8740.43,8737.31,1310,3
2020-01-05 23:05:45.234000,8740.74,8737.31,2750,3
2020-01-05 23:05:46.268000,8740.74,8737.28,2750,130
2020-01-05 23:05:46.319000,8740.39,8736.9,2750,130
2020-01-05 23:05:46.431000,8740.39,8736.9,2750,130
2020-01-05 23:05:46.481000,8740.0,8736.8,650,130
2020-01-05 23:05:47.165000,8740.0,8737.2,650,3
2020-01-05 23:05:47.215000,8740.44,8737.2,2750,3
2020-01-05 23:05:47.326000,8740.44,8736.97,2750,130
2020-01-05 23:05:48.324000,8740.36,8736.94,1310,3
2020-01-05 23:05:48.997000,8740.43,8737.12,2750,3
2020-01-05 23:05:49.158000,8740.64,8737.14,1400,130
2020-01-05 23:05:49.627000,8740.4,8737.1,1400,3
2020-01-05 23:05:50.448000,8740.33,8737.21,1310,3
2020-01-05 23:05:50.499000,8740.64,8737.21,2750,3
2020-01-05 23:05:50.652000,8740.5,8737.27,1400,2070
2020-01-05 23:05:53.528000,8740.62,8737.17,1400,3
2020-01-05 23:05:54.158000,8740.62,8737.11,1400,130
2020-01-05 23:05:54.208000,8740.29,8736.81,2750,130
2020-01-05 23:05:56.676000,8740.29,8737.01,1310,3
2020-01-05 23:05:56.726000,8740.47,8737.01,2750,3
2020-01-05 23:05:57.661000,8740.47,8736.92,2750,130
2020-01-05 23:05:57.712000,8740.34,8736.9,1310,130
2020-01-05 23:05:58.689000,8740.34,8736.93,1310,3
2020-01-05 23:05:58.739000,8740.48,8736.93,2750,3
2020-01-05 23:05:59.012000,8740.48,8737.09,2750,3
2020-01-05 23:05:59.231000,8740.39,8737.2,2750,3
2020-01-05 23:05:59.281000,8740.44,8737.2,1400,3
2020-01-05 23:05:59.386000,8740.44,8736.97,1400,130
2020-01-05 23:05:59.437000,8740.31,8736.83,2750,130
2020-01-05 23:05:59.832000,8740.31,8736.83,2750,130
2020-01-05 23:06:01.038000,8740.23,8737.0,1310,130
2020-01-05 23:06:01.089000,8740.11,8736.91,650,2070
2020-01-05 23:06:01.406000,8740.4,8737.02,650,130
2020-01-05 23:06:01.834000,8740.4,8737.25,650,3
2020-01-05 23:06:01.885000,8740.75,8737.32,1310,130
2020-01-05 23:06:02.634000,8740.75,8737.32,2750,130
2020-01-05 23:06:02.685000,8739.34,8735.92,2750,3
2020-01-05 23:06:03.040000,8739.34,8735.82,2750,130
2020-01-05 23:06:03.203000,8739.26,8735.87,1310,3
2020-01-05 23:06:03.686000,8739.29,8735.81,2750,130
2020-01-05 23:06:03.736000,8739.17,8735.72,2750,130
2020-01-05 23:06:04.063000,8739.17,8735.72,2750,130
2020-01-05 23:06:04.124000,8738.88,8735.48,1400,130
2020-01-05 23:06:04.457000,8738.88,8735.48,1400,130
2020-01-05 23:06:04.507000,8738.4,8735.19,650,130
2020-01-05 23:06:05.742000,8738.4,8735.19,1400,130
2020-01-05 23:06:05.793000,8738.33,8734.89,650,3
2020-01-05 23:06:06.590000,8738.33,8734.87,1400,130
2020-01-05 23:06:06.640000,8737.87,8734.35,2750,130
2020-01-05 23:06:06.751000,8737.87,8734.35,2750,130
2020-01-05 23:06:06.801000,8737.38,8733.88,2750,130
2020-01-05 23:06:08.475000,8737.21,8733.79,1400,3
2020-01-05 23:06:08.586000,8737.21,8733.78,1400,130
2020-01-05 23:06:08.636000,8736.61,8733.34,1400,130
2020-01-05 23:06:08.747000,8736.61,8733.71,650,3
2020-01-05 23:06:08.797000,8736.91,8733.71,650,3
2020-01-05 23:06:09.205000,8736.98,8733.47,2750,130
2020-01-05 23:06:09.315000,8736.98,8734.39,1310,3
2020-01-05 23:06:09.365000,8737.41,8734.39,1310,3
2020-01-05 23:06:10.207000,8737.41,8734.26,1310,3
2020-01-05 23:06:10.258000,8737.73,8734.26,1310,3
2020-01-05 23:06:11.063000,8737.73,8734.23,2750,130
2020-01-05 23:06:11.114000,8737.63,8734.21,2750,3
2020-01-05 23:06:13.712000,8737.63,8734.16,2750,130
2020-01-05 23:06:13.762000,8737.46,8733.98,2750,3
2020-01-05 23:06:13.873000,8737.46,8733.93,2750,130
2020-01-05 23:06:13.923000,8737.28,8733.91,1400,3
2020-01-05 23:06:14.056000,8738.17,8734.65,2750,3
2020-01-05 23:06:14.106000,8738.17,8734.65,2750,3
2020-01-05 23:06:14.194000,8738.17,8734.91,1310,3
2020-01-05 23:06:14.244000,8738.38,8734.92,1400,130
2020-01-05 23:06:14.969000,8738.38,8734.92,1400,130
2020-01-05 23:06:15.020000,8738.2,8734.79,1400,3
2020-01-05 23:06:15.158000,8738.2,8734.92,650,3
2020-01-05 23:06:15.209000,8738.31,8734.92,650,1500
2020-01-05 23:06:16.646000,8738.31,8734.92,1400,130
2020-01-05 23:06:16.697000,8738.26,8734.74,1310,3
2020-01-05 23:06:17.295000,8738.26,8734.73,2750,130
2020-01-05 23:06:17.721000,8737.7,8734.81,650,130
2020-01-05 23:06:17.772000,8738.27,8734.81,2750,130
2020-01-05 23:06:18.861000,8738.27,8734.83,1310,3
2020-01-05 23:06:18.911000,8738.1,8734.91,650,130
2020-01-05 23:06:19.805000,8738.1,8735.21,650,3
2020-01-05 23:06:19.855000,8738.66,8735.21,650,3
2020-01-05 23:06:20.296000,8738.66,8735.14,1400,130
2020-01-05 23:06:20.347000,8738.34,8734.87,2750,130
2020-01-05 23:06:21.336000,8738.34,8734.97,1310,3
2020-01-05 23:06:21.387000,8738.4,8734.97,1400,3
2020-01-05 23:06:21.495000,8738.4,8735.19,650,3
2020-01-05 23:06:22.510000,8738.67,8735.25,1310,3
2020-01-05 23:06:23.085000,8738.76,8735.51,1310,3
2020-01-05 23:06:23.250000,8738.93,8735.81,1310,3
2020-01-05 23:06:23.300000,8739.22,8735.82,2750,130
2020-01-05 23:06:23.718000,8739.22,8735.84,1310,3
2020-01-05 23:06:23.769000,8739.32,8735.84,650,2070
2020-01-05 23:06:24.669000,8739.32,8735.84,1400,130
2020-01-05 23:06:24.720000,8738.64,8735.19,1310,130
2020-01-05 23:06:25.382000,8738.64,8735.47,1310,3
2020-01-05 23:06:25.433000,8738.92,8735.51,1310,130
2020-01-05 23:06:26.905000,8738.92,8735.7,650,130
2020-01-05 23:06:26.956000,8739.1,8735.7,650,130
2020-01-05 23:06:27.067000,8739.1,8735.79,650,3
2020-01-05 23:06:27.118000,8739.23,8735.79,1310,3
2020-01-05 23:06:27.227000,8739.23,8735.76,2750,130
2020-01-05 23:06:27.277000,8738.94,8735.69,650,3
2020-01-05 23:06:27.621000,8738.94,8735.64,650,3
2020-01-05 23:06:27.815000,8739.09,8735.78,1400,3
2020-01-05 23:06:29.251000,8739.0,8736.3,650,3
2020-01-05 23:06:29.301000,8739.7,8736.3,650,3
2020-01-05 23:06:29.411000,8739.7,8736.26,1400,130
2020-01-05 23:06:29.461000,8739.32,8735.92,2750,3
2020-01-05 23:06:29.580000,8739.32,8735.95,2750,3
2020-01-05 23:06:29.895000,8739.44,8736.36,1310,3
2020-01-05 23:06:29.946000,8739.81,8736.36,1400,3
2020-01-05 23:06:30.468000,8739.81,8736.5,650,3
2020-01-05 23:06:30.630000,8739.71,8736.65,650,3
2020-01-05 23:06:30.680000,8740.16,8736.67,650,130
2020-01-05 23:06:30.792000,8740.16,8736.74,650,3
2020-01-05 23:06:30.842000,8740.24,8736.76,1400,130
2020-01-05 23:06:30.958000,8740.24,8736.76,1400,130
2020-01-05 23:06:31.008000,8740.11,8736.66,650,130
2020-01-05 23:06:31.115000,8740.11,8736.73,650,3
2020-01-05 23:06:32.114000,8740.0,8736.81,650,130
2020-01-05 23:06:32.165000,8740.19,8736.7,2750,130
2020-01-05 23:06:33.520000,8740.19,8736.7,2750,130
2020-01-05 23:06:34.204000,8739.96,8736.51,2750,130
2020-01-05 23:06:34.254000,8739.85,8736.42,2750,130
2020-01-05 23:06:34.691000,8739.85,8736.44,1310,3
2020-01-05 23:06:34.855000,8739.99,8736.42,2750,130
2020-01-05 23:06:34.906000,8739.63,8736.19,1400,130
2020-01-05 23:06:35.234000,8739.63,8736.19,1400,130
2020-01-05 23:06:35.394000,8739.39,8736.2,1400,130
2020-01-05 23:06:35.445000,8739.34,8735.85,1400,2070
2020-01-05 23:06:35.555000,8739.34,8735.99,650,3
2020-01-05 23:06:35.605000,8739.41,8735.99,1310,1500
2020-01-05 23:06:35.717000,8739.41,8736.3,1310,3
2020-01-05 23:06:35.768000,8739.69,8736.3,650,3
2020-01-05 23:06:36.946000,8739.69,8736.59,650,130
2020-01-05 23:06:36.997000,8739.86,8736.59,1400,130
2020-01-05 23:06:37.102000,8739.86,8736.7,650,3
2020-01-05 23:06:37.153000,8740.17,8736.7,2750,3
2020-01-05 23:06:39.013000,8740.17,8736.63,2750,130
2020-01-05 23:06:39.063000,8739.86,8736.39,2750,3
2020-01-05 23:06:39.478000,8739.86,8736.44,1310,3
2020-01-05 23:06:39.528000,8739.97,8736.44,2750,2070
2020-01-05 23:06:39.638000,8739.97,8736.65,1310,3
2020-01-05 23:06:39.688000,8740.1,8736.65,1400,2070
2020-01-05 23:06:39.848000,8740.1,8736.78,650,3
2020-01-05 23:06:39.898000,8740.22,8736.78,1400,3
2020-01-05 23:06:40.008000,8740.22,8736.99,1400,130
2020-01-05 23:06:44.846000,8740.4,8737.13,650,3
2020-01-05 23:06:45.836000,8740.59,8737.41,650,3
2020-01-05 23:06:45.886000,8740.78,8737.41,650,3
2020-01-05 23:06:45.998000,8740.78,8737.4,1400,130
2020-01-05 23:06:46.048000,8740.32,8736.87,650,130
2020-01-05 23:06:46.732000,8740.32,8738.0,650,3
2020-01-05 23:06:46.783000,8741.01,8738.0,650,3
2020-01-05 23:06:47.095000,8741.01,8737.95,650,3
2020-01-05 23:06:48.383000,8741.44,8737.89,2750,3
2020-01-05 23:06:48.434000,8741.16,8737.89,2750,3
2020-01-05 23:06:48.541000,8741.16,8737.81,1310,3
2020-01-05 23:06:48.592000,8741.21,8737.81,2750,3
2020-01-05 23:06:49.327000,8741.21,8738.02,1310,3
2020-01-05 23:06:49.377000,8741.39,8738.02,650,3
2020-01-05 23:06:53.783000,8741.39,8737.88,2750,130
2020-01-05 23:06:53.834000,8741.39,8737.88,2750,130
2020-01-05 23:06:53.949000,8741.39,8737.76,2750,2070
2020-01-05 23:06:54.000000,8741.01,8737.76,1400,2070
2020-01-05 23:06:54.909000,8741.01,8737.84,650,3
2020-01-05 23:06:54.959000,8741.36,8737.9,650,130
2020-01-05 23:06:55.747000,8741.36,8737.9,1400,130
2020-01-05 23:06:55.798000,8741.08,8737.71,650,130
2020-01-05 23:06:57.635000,8741.08,8737.75,650,3
2020-01-05 23:06:58.001000,8741.22,8737.85,1310,3
2020-01-05 23:06:58.052000,8741.32,8737.89,1310,130
2020-01-05 23:06:58.844000,8741.32,8737.89,2750,130
2020-01-05 23:06:58.895000,8741.2,8737.8,1310,130
2020-01-05 23:06:59.401000,8741.2,8737.7,2750,130
2020-01-05 23:06:59.451000,8741.11,8737.7,650,130
2020-01-05 23:07:00.640000,8741.11,8737.73,650,3
2020-01-05 23:07:00.690000,8741.21,8737.73,1310,2070
2020-01-05 23:07:00.800000,8741.21,8738.02,1310,3
2020-01-05 23:07:00.850000,8741.21,8738.02,650,3
2020-01-05 23:07:00.961000,8741.21,8737.92,1400,130
2020-01-05 23:07:01.014000,8741.29,8737.89,1400,130
2020-01-05 23:07:01.996000,8741.29,8738.19,650,3
2020-01-05 23:07:02.046000,8741.42,8738.19,650,3
2020-01-05 23:07:03.197000,8741.42,8737.97,1400,130
2020-01-05 23:07:03.248000,8741.1,8737.92,650,130
2020-01-05 23:07:03.671000,8741.1,8738.02,650,3
2020-01-05 23:07:03.721000,8741.43,8738.02,1400,3
2020-01-05 23:07:04.998000,8741.43,8737.99,1400,1500
2020-01-05 23:07:07.964000,8741.22,8737.86,650,130
2020-01-05 23:07:08.084000,8741.46,8738.01,2750,130
2020-01-05 23:07:08.837000,8741.46,8738.21,1310,3
2020-01-05 23:07:08.887000,8741.61,8738.21,1400,3
2020-01-05 23:07:12.114000,8741.61,8738.14,1400,130
2020-01-05 23:07:12.165000,8741.21,8737.77,1400,130
2020-01-05 23:07:12.437000,8741.21,8737.84,1400,130
2020-01-05 23:07:13.355000,8741.1,8738.21,650,3
2020-01-05 23:07:13.405000,8741.61,8738.4,2750,130
2020-01-05 23:07:18.054000,8741.78,8738.26,2750,3
2020-01-05 23:07:18.604000,8741.78,8738.21,2750,130
2020-01-05 23:07:18.655000,8741.31,8737.91,1310,130
2020-01-05 23:07:18.764000,8741.31,8737.98,1310,3
2020-01-05 23:07:18.814000,8741.39,8738.2,650,130
2020-01-05 23:07:18.925000,8741.39,8738.2,1400,130
2020-01-05 23:07:18.975000,8741.24,8737.72,1400,2070
2020-01-05 23:07:19.087000,8741.24,8738.2,650,3
2020-01-05 23:07:19.137000,8741.39,8738.2,650,3
2020-01-05 23:07:20.841000,8741.39,8738.32,650,1500
2020-01-05 23:07:20.891000,8741.78,8738.32,2750,1500
2020-01-05 23:07:24.754000,8741.78,8738.32,2750,130
2020-01-05 23:07:24.804000,8741.69,8738.17,2750,130
2020-01-05 23:07:27.372000,8741.69,8738.24,1310,3
2020-01-05 23:07:27.422000,8741.79,8738.26,2750,130
2020-01-05 23:07:29.201000,8741.79,8738.26,2750,130
2020-01-05 23:07:29.251000,8741.59,8738.14,650,130
2020-01-05 23:07:29.361000,8741.59,8738.24,650,3
2020-01-05 23:07:29.412000,8741.71,8738.24,2750,1500
2020-01-05 23:07:33.061000,8741.71,8738.24,2750,130
