2021-04-12 00:00:00.017000,13791.131,13787.727,750,740
2021-04-12 00:00:00.068000,13791.101,13787.889,750,750
2021-04-12 00:00:00.177000,13791.183,13789.159,750,34
2021-04-12 00:00:00.228000,13792.591,13789.199,750,750
2021-04-12 00:00:00.336000,13792.683,13789.489,750,34
2021-04-12 00:00:00.387000,13792.761,13789.279,750,750
2021-04-12 00:00:00.498000,13792.601,13789.237,750,740
2021-04-12 00:00:00.548000,13792.681,13789.129,750,750
2021-04-12 00:00:00.661000,13792.491,13789.147,750,740
2021-04-12 00:00:00.711000,13792.471,13788.999,750,750
2021-04-12 00:00:01.326000,13792.433,13789.279,750,34
2021-04-12 00:00:01.376000,13792.711,13789.309,750,750
2021-04-12 00:00:01.487000,13792.471,13789.277,750,16
2021-04-12 00:00:01.538000,13792.401,13788.999,750,750
2021-04-12 00:00:01.807000,13792.231,13788.997,750,16
2021-04-12 00:00:01.857000,13792.011,13788.779,750,750
2021-04-12 00:00:02.142000,13792.243,13789.389,750,34
2021-04-12 00:00:02.193000,13792.641,13789.159,750,750
2021-04-12 00:00:02.288000,13792.633,13789.209,750,750
2021-04-12 00:00:02.338000,13792.691,13789.239,750,750
2021-04-12 00:00:03.154000,13792.503,13789.329,750,750
2021-04-12 00:00:03.205000,13792.841,13789.329,750,750
2021-04-12 00:00:03.255000,13793.291,13789.759,750,750
2021-04-12 00:00:03.626000,13793.193,13789.889,750,750
2021-04-12 00:00:03.677000,13793.381,13789.869,750,750
2021-04-12 00:00:03.788000,13793.261,13789.907,750,740
2021-04-12 00:00:03.839000,13793.261,13789.749,750,750
2021-04-12 00:00:04.106000,13792.831,13789.787,750,16
2021-04-12 00:00:04.156000,13792.821,13789.339,750,750
2021-04-12 00:00:04.269000,13792.783,13789.719,750,34
2021-04-12 00:00:04.319000,13793.231,13789.809,750,750
2021-04-12 00:00:04.526000,13792.901,13789.737,750,740
2021-04-12 00:00:04.576000,13793.081,13789.659,750,750
2021-04-12 00:00:04.684000,13793.163,13789.729,750,750
2021-04-12 00:00:04.735000,13793.191,13789.779,750,750
2021-04-12 00:00:05.331000,13793.111,13789.987,750,16
2021-04-12 00:00:05.382000,13793.111,13789.649,750,750
2021-04-12 00:00:05.492000,13793.173,13789.729,750,750
2021-04-12 00:00:05.542000,13793.281,13789.729,750,750
2021-04-12 00:00:06.154000,13793.203,13789.939,750,750
2021-04-12 00:00:06.204000,13793.421,13789.999,750,750
2021-04-12 00:00:06.315000,13793.493,13790.219,750,34
2021-04-12 00:00:06.365000,13793.731,13790.289,750,750
2021-04-12 00:00:07.097000,13793.651,13790.277,750,740
2021-04-12 00:00:07.148000,13793.671,13790.209,750,750
2021-04-12 00:00:07.577000,13793.403,13790.509,750,34
2021-04-12 00:00:07.627000,13793.891,13790.429,750,750
2021-04-12 00:00:08.139000,13793.973,13790.619,750,750
2021-04-12 00:00:08.189000,13794.131,13790.609,750,750
2021-04-12 00:00:08.299000,13794.143,13790.769,750,750
2021-04-12 00:00:08.349000,13794.181,13790.739,750,750
2021-04-12 00:00:09.540000,13794.183,13790.879,750,750
2021-04-12 00:00:09.590000,13794.391,13790.829,750,750
2021-04-12 00:00:10.807000,13794.343,13791.279,750,34
2021-04-12 00:00:10.858000,13794.781,13791.319,750,750
2021-04-12 00:00:12.019000,13794.631,13791.237,750,740
2021-04-12 00:00:12.069000,13794.601,13791.219,750,750
2021-04-12 00:00:12.179000,13794.673,13791.259,750,750
2021-04-12 00:00:12.229000,13794.741,13791.269,750,750
2021-04-12 00:00:12.499000,13794.513,13791.589,750,34
2021-04-12 00:00:12.560000,13794.791,13791.399,750,750
2021-04-12 00:00:13.111000,13794.853,13791.879,750,34
2021-04-12 00:00:13.161000,13795.361,13791.909,750,750
2021-04-12 00:00:13.590000,13795.373,13792.289,750,34
2021-04-12 00:00:13.640000,13795.751,13792.299,750,750
2021-04-12 00:00:13.751000,13795.361,13792.267,750,16
2021-04-12 00:00:13.801000,13795.371,13791.909,750,750
2021-04-12 00:00:13.910000,13795.373,13792.169,750,34
2021-04-12 00:00:13.961000,13795.681,13792.169,750,750
2021-04-12 00:00:14.283000,13795.211,13792.397,750,16
2021-04-12 00:00:14.333000,13795.261,13791.989,750,750
2021-04-12 00:00:14.445000,13795.151,13791.757,750,740
2021-04-12 00:00:14.495000,13795.141,13791.699,750,750
2021-04-12 00:00:14.603000,13795.103,13792.109,750,34
2021-04-12 00:00:14.654000,13795.651,13792.179,750,750
2021-04-12 00:00:14.764000,13795.673,13792.319,750,750
2021-04-12 00:00:14.814000,13795.721,13792.309,750,750
2021-04-12 00:00:14.924000,13795.231,13792.277,750,16
2021-04-12 00:00:14.975000,13795.191,13791.709,750,750
2021-04-12 00:00:15.405000,13795.111,13791.737,750,740
2021-04-12 00:00:15.455000,13795.111,13791.699,750,750
2021-04-12 00:00:15.724000,13795.173,13791.759,750,750
2021-04-12 00:00:15.774000,13795.211,13791.999,750,750
2021-04-12 00:00:16.534000,13795.013,13791.989,750,750
2021-04-12 00:00:16.584000,13795.481,13791.929,750,750
2021-04-12 00:00:17.041000,13795.101,13791.967,750,740
2021-04-12 00:00:17.091000,13795.331,13791.899,750,750
2021-04-12 00:00:18.192000,13795.353,13792.289,750,34
2021-04-12 00:00:18.242000,13795.761,13792.239,750,750
2021-04-12 00:00:18.350000,13795.441,13792.257,750,16
2021-04-12 00:00:18.400000,13795.431,13791.919,750,750
2021-04-12 00:00:18.510000,13795.361,13792.197,750,16
2021-04-12 00:00:18.561000,13795.371,13791.859,750,750
2021-04-12 00:00:18.995000,13795.293,13792.019,750,750
2021-04-12 00:00:19.045000,13795.471,13791.979,750,750
2021-04-12 00:00:19.311000,13795.341,13791.917,750,740
2021-04-12 00:00:19.362000,13795.341,13791.809,750,750
2021-04-12 00:00:19.893000,13795.303,13791.919,750,750
2021-04-12 00:00:19.943000,13795.451,13792.199,750,750
2021-04-12 00:00:20.055000,13795.403,13792.479,750,34
2021-04-12 00:00:20.105000,13795.961,13792.509,750,750
2021-04-12 00:00:20.214000,13795.841,13792.407,750,740
2021-04-12 00:00:20.265000,13795.881,13792.369,750,750
2021-04-12 00:00:20.703000,13795.873,13792.509,750,750
2021-04-12 00:00:20.753000,13795.971,13792.499,750,750
2021-04-12 00:00:21.020000,13795.511,13792.487,750,740
2021-04-12 00:00:21.070000,13795.791,13792.259,750,750
2021-04-12 00:00:22.862000,13795.733,13792.389,750,750
2021-04-12 00:00:22.913000,13795.801,13792.319,750,750
2021-04-12 00:00:23.184000,13795.471,13792.347,750,16
2021-04-12 00:00:23.234000,13795.451,13791.969,750,750
2021-04-12 00:00:23.343000,13795.181,13791.997,750,740
2021-04-12 00:00:23.393000,13795.221,13791.789,750,750
2021-04-12 00:00:23.664000,13795.091,13791.757,750,740
2021-04-12 00:00:23.714000,13794.901,13791.699,750,750
2021-04-12 00:00:23.824000,13795.133,13791.799,750,750
2021-04-12 00:00:23.874000,13795.241,13791.719,750,750
2021-04-12 00:00:24.521000,13795.233,13792.189,750,34
2021-04-12 00:00:24.571000,13795.671,13792.179,750,750
2021-04-12 00:00:24.916000,13795.211,13792.157,750,16
2021-04-12 00:00:24.966000,13795.251,13791.779,750,750
2021-04-12 00:00:25.904000,13795.111,13791.767,750,740
2021-04-12 00:00:25.955000,13795.111,13791.689,750,750
2021-04-12 00:00:27.077000,13795.193,13792.159,750,34
2021-04-12 00:00:27.128000,13795.621,13792.149,750,750
2021-04-12 00:00:29.418000,13795.351,13792.147,750,16
2021-04-12 00:00:29.468000,13795.301,13791.839,750,750
2021-04-12 00:00:30.668000,13794.901,13791.857,750,740
2021-04-12 00:00:30.718000,13795.171,13791.709,750,750
2021-04-12 00:00:31.560000,13794.471,13791.687,750,16
2021-04-12 00:00:31.610000,13794.471,13790.979,750,750
2021-04-12 00:00:32.527000,13794.481,13791.197,750,16
2021-04-12 00:00:32.578000,13794.581,13791.199,750,750
2021-04-12 00:00:32.837000,13794.321,13791.397,750,16
2021-04-12 00:00:32.888000,13794.311,13790.889,750,750
2021-04-12 00:00:33.000000,13794.141,13790.817,750,740
2021-04-12 00:00:33.051000,13794.161,13790.679,750,750
2021-04-12 00:00:33.316000,13793.771,13790.647,750,16
2021-04-12 00:00:33.366000,13793.741,13790.229,750,750
2021-04-12 00:00:33.856000,13793.661,13790.237,750,740
2021-04-12 00:00:33.906000,13793.401,13790.189,750,750
2021-04-12 00:00:34.336000,13793.673,13790.249,750,750
2021-04-12 00:00:34.386000,13793.771,13790.249,750,750
2021-04-12 00:00:35.150000,13793.231,13790.247,750,16
2021-04-12 00:00:35.200000,13793.221,13789.739,750,750
2021-04-12 00:00:36.251000,13792.971,13789.757,750,16
2021-04-12 00:00:36.301000,13792.971,13789.519,750,750
2021-04-12 00:00:36.409000,13792.781,13789.467,750,740
2021-04-12 00:00:36.459000,13792.731,13789.259,750,750
2021-04-12 00:00:36.950000,13792.713,13789.319,750,750
2021-04-12 00:00:37.000000,13792.881,13789.349,750,750
2021-04-12 00:00:37.496000,13792.591,13789.587,750,16
2021-04-12 00:00:37.547000,13792.621,13789.149,750,750
2021-04-12 00:00:38.398000,13792.643,13789.279,750,750
2021-04-12 00:00:38.449000,13792.691,13789.259,750,750
2021-04-12 00:00:38.719000,13792.391,13789.247,750,16
2021-04-12 00:00:38.769000,13792.341,13788.869,750,750
2021-04-12 00:00:38.879000,13792.271,13788.837,750,740
2021-04-12 00:00:38.929000,13792.201,13788.789,750,750
2021-04-12 00:00:39.063000,13792.223,13788.919,750,750
2021-04-12 00:00:39.113000,13792.301,13788.829,750,750
2021-04-12 00:00:39.224000,13792.181,13788.837,750,740
2021-04-12 00:00:39.275000,13792.001,13788.759,750,750
2021-04-12 00:00:39.384000,13791.901,13788.817,750,16
2021-04-12 00:00:39.434000,13791.901,13788.479,750,750
2021-04-12 00:00:39.544000,13791.611,13788.457,750,16
2021-04-12 00:00:39.594000,13791.631,13788.159,750,750
2021-04-12 00:00:39.863000,13791.411,13788.217,750,16
2021-04-12 00:00:39.913000,13791.461,13788.019,750,750
2021-04-12 00:00:40.372000,13791.393,13788.399,750,34
2021-04-12 00:00:40.423000,13791.651,13788.149,750,750
2021-04-12 00:00:40.600000,13791.441,13788.157,750,740
2021-04-12 00:00:40.650000,13791.201,13788.009,750,750
2021-04-12 00:00:40.760000,13790.311,13787.997,750,16
2021-04-12 00:00:40.810000,13790.341,13787.089,750,750
2021-04-12 00:00:40.929000,13790.001,13786.867,750,740
2021-04-12 00:00:40.979000,13790.181,13786.749,750,750
2021-04-12 00:00:41.081000,13790.273,13786.919,750,750
2021-04-12 00:00:41.131000,13790.421,13786.979,750,750
2021-04-12 00:00:41.249000,13790.261,13786.927,750,740
2021-04-12 00:00:41.299000,13790.211,13786.749,750,750
2021-04-12 00:00:41.917000,13790.203,13786.819,750,750
2021-04-12 00:00:41.967000,13790.291,13786.879,750,750
2021-04-12 00:00:42.078000,13790.353,13786.979,750,750
2021-04-12 00:00:42.129000,13790.401,13786.969,750,750
2021-04-12 00:00:42.364000,13790.393,13787.159,750,750
2021-04-12 00:00:42.414000,13790.611,13787.209,750,750
2021-04-12 00:00:42.525000,13790.653,13787.689,750,34
2021-04-12 00:00:42.576000,13790.901,13787.619,750,750
2021-04-12 00:00:42.685000,13790.451,13787.637,750,16
2021-04-12 00:00:42.736000,13790.441,13786.999,750,750
2021-04-12 00:00:42.845000,13789.301,13786.967,750,16
2021-04-12 00:00:42.896000,13789.351,13785.859,750,750
2021-04-12 00:00:43.006000,13789.181,13785.837,750,740
2021-04-12 00:00:43.056000,13789.111,13785.889,750,750
2021-04-12 00:00:43.386000,13789.093,13785.749,750,750
2021-04-12 00:00:43.436000,13789.261,13785.769,750,750
2021-04-12 00:00:43.705000,13789.293,13786.719,750,34
2021-04-12 00:00:43.755000,13790.191,13786.739,750,750
2021-04-12 00:00:44.025000,13790.283,13786.869,750,750
2021-04-12 00:00:44.076000,13790.281,13786.879,750,750
2021-04-12 00:00:44.346000,13790.323,13787.119,750,34
2021-04-12 00:00:44.396000,13790.591,13787.179,750,750
2021-04-12 00:00:44.506000,13790.603,13787.489,750,34
2021-04-12 00:00:44.556000,13790.791,13787.289,750,750
2021-04-12 00:00:44.665000,13790.591,13787.277,750,740
2021-04-12 00:00:44.716000,13790.601,13787.189,750,750
2021-04-12 00:00:44.826000,13790.663,13787.629,750,34
2021-04-12 00:00:44.876000,13791.091,13787.609,750,750
2021-04-12 00:00:45.259000,13790.611,13787.617,750,16
2021-04-12 00:00:45.309000,13790.811,13787.329,750,750
2021-04-12 00:00:45.419000,13791.191,13787.759,750,750
2021-04-12 00:00:46.034000,13790.711,13787.747,750,16
2021-04-12 00:00:46.084000,13790.931,13787.449,750,750
2021-04-12 00:00:46.352000,13790.923,13787.609,750,750
2021-04-12 00:00:46.402000,13791.141,13787.659,750,750
2021-04-12 00:00:46.514000,13790.913,13788.099,750,34
2021-04-12 00:00:46.564000,13791.281,13787.829,750,750
2021-04-12 00:00:47.020000,13791.231,13787.847,750,740
2021-04-12 00:00:47.071000,13791.221,13787.739,750,750
2021-04-12 00:00:47.179000,13791.161,13787.777,750,740
2021-04-12 00:00:47.229000,13791.151,13787.669,750,750
2021-04-12 00:00:47.341000,13791.193,13788.669,750,34
2021-04-12 00:00:47.391000,13792.141,13788.679,750,750
2021-04-12 00:00:47.500000,13792.153,13789.169,750,34
2021-04-12 00:00:47.550000,13792.681,13789.169,750,750
2021-04-12 00:00:47.661000,13792.401,13789.147,750,740
2021-04-12 00:00:47.711000,13792.211,13788.979,750,750
2021-04-12 00:00:48.005000,13791.881,13788.957,750,16
2021-04-12 00:00:48.055000,13791.961,13788.519,750,750
2021-04-12 00:00:48.164000,13791.973,13789.009,750,34
2021-04-12 00:00:48.214000,13792.481,13788.969,750,750
2021-04-12 00:00:48.487000,13792.463,13789.179,750,750
2021-04-12 00:00:48.537000,13792.671,13789.199,750,750
2021-04-12 00:00:49.063000,13792.663,13789.399,750,34
2021-04-12 00:00:49.113000,13792.841,13789.339,750,750
2021-04-12 00:00:49.403000,13792.421,13789.317,750,16
2021-04-12 00:00:49.453000,13792.411,13789.019,750,750
2021-04-12 00:00:49.722000,13792.443,13789.369,750,34
2021-04-12 00:00:49.773000,13792.791,13789.339,750,750
2021-04-12 00:00:51.224000,13791.981,13789.337,750,16
2021-04-12 00:00:51.275000,13791.961,13788.489,750,750
2021-04-12 00:00:51.381000,13791.691,13788.687,750,16
2021-04-12 00:00:51.431000,13791.751,13788.309,750,750
2021-04-12 00:00:51.540000,13791.651,13788.267,750,740
2021-04-12 00:00:51.591000,13791.401,13788.119,750,750
2021-04-12 00:00:52.058000,13791.673,13788.749,750,34
2021-04-12 00:00:52.108000,13792.221,13788.719,750,750
2021-04-12 00:00:52.247000,13792.233,13788.879,750,750
2021-04-12 00:00:52.297000,13792.371,13788.899,750,750
2021-04-12 00:00:53.350000,13792.103,13789.299,750,34
2021-04-12 00:00:53.401000,13792.691,13789.499,750,750
2021-04-12 00:00:53.509000,13792.503,13789.319,750,750
2021-04-12 00:00:53.559000,13792.861,13789.379,750,750
2021-04-12 00:00:53.668000,13792.611,13789.407,750,16
2021-04-12 00:00:53.719000,13792.641,13789.149,750,750
2021-04-12 00:00:53.989000,13792.593,13789.309,750,750
2021-04-12 00:00:54.040000,13792.761,13789.239,750,750
2021-04-12 00:00:54.762000,13792.713,13789.369,750,750
2021-04-12 00:00:54.813000,13792.881,13789.399,750,750
2021-04-12 00:00:54.922000,13792.853,13789.779,750,34
2021-04-12 00:00:54.972000,13793.261,13789.729,750,750
2021-04-12 00:00:56.162000,13793.111,13789.797,750,740
2021-04-12 00:00:56.212000,13793.131,13789.629,750,750
2021-04-12 00:00:56.505000,13792.903,13789.779,750,750
2021-04-12 00:00:56.555000,13793.271,13789.789,750,750
2021-04-12 00:00:56.994000,13793.233,13790.289,750,34
2021-04-12 00:00:57.044000,13793.721,13790.229,750,750
2021-04-12 00:00:58.463000,13793.723,13790.469,750,750
2021-04-12 00:00:58.513000,13793.991,13790.429,750,750
2021-04-12 00:00:58.626000,13793.771,13790.477,750,740
2021-04-12 00:00:58.676000,13793.511,13790.299,750,750
2021-04-12 00:00:59.132000,13793.783,13790.339,750,750
2021-04-12 00:00:59.182000,13793.851,13790.369,750,750
2021-04-12 00:00:59.292000,13793.813,13790.699,750,34
2021-04-12 00:00:59.343000,13794.141,13790.629,750,750
2021-04-12 00:01:00.144000,13793.931,13790.667,750,740
2021-04-12 00:01:00.194000,13793.711,13790.469,750,750
2021-04-12 00:01:00.305000,13793.731,13790.487,750,740
2021-04-12 00:01:00.355000,13793.731,13790.219,750,750
2021-04-12 00:01:01.456000,13793.601,13790.237,750,740
2021-04-12 00:01:01.507000,13793.401,13790.209,750,750
2021-04-12 00:01:01.617000,13793.583,13790.289,750,750
2021-04-12 00:01:01.667000,13793.681,13790.259,750,750
2021-04-12 00:01:01.937000,13793.331,13790.237,750,16
2021-04-12 00:01:01.988000,13793.311,13789.909,750,750
2021-04-12 00:01:02.095000,13792.811,13789.897,750,16
2021-04-12 00:01:02.145000,13792.791,13789.339,750,750
2021-04-12 00:01:02.256000,13792.793,13789.699,750,34
2021-04-12 00:01:02.307000,13793.131,13789.699,750,750
2021-04-12 00:01:02.798000,13792.751,13789.687,750,16
2021-04-12 00:01:02.848000,13792.761,13789.289,750,750
2021-04-12 00:01:03.158000,13792.723,13789.399,750,750
2021-04-12 00:01:03.208000,13792.851,13789.359,750,750
2021-04-12 00:01:03.319000,13792.823,13790.269,750,34
2021-04-12 00:01:03.369000,13793.501,13790.219,750,750
2021-04-12 00:01:03.479000,13793.763,13790.419,750,750
2021-04-12 00:01:03.530000,13793.891,13790.469,750,750
2021-04-12 00:01:03.925000,13793.893,13790.669,750,750
2021-04-12 00:01:03.975000,13794.161,13790.649,750,750
2021-04-12 00:01:04.348000,13793.721,13790.717,750,16
2021-04-12 00:01:04.399000,13793.711,13790.269,750,750
2021-04-12 00:01:04.511000,13793.641,13790.227,750,740
2021-04-12 00:01:04.561000,13793.671,13790.399,750,750
2021-04-12 00:01:04.831000,13793.683,13790.239,750,750
2021-04-12 00:01:04.881000,13793.701,13790.229,750,750
2021-04-12 00:01:04.989000,13793.631,13790.277,750,740
2021-04-12 00:01:05.040000,13793.621,13790.189,750,750
2021-04-12 00:01:05.153000,13793.193,13790.219,750,34
2021-04-12 00:01:05.203000,13793.231,13789.809,750,750
2021-04-12 00:01:05.309000,13793.151,13789.747,750,740
2021-04-12 00:01:05.360000,13793.141,13789.699,750,750
2021-04-12 00:01:05.792000,13792.701,13789.667,750,16
2021-04-12 00:01:05.842000,13792.511,13789.299,750,750
2021-04-12 00:01:05.951000,13792.641,13789.217,750,740
2021-04-12 00:01:06.001000,13792.681,13789.189,750,750
2021-04-12 00:01:06.109000,13792.451,13789.167,750,740
2021-04-12 00:01:06.159000,13792.431,13788.979,750,750
2021-04-12 00:01:06.429000,13792.443,13789.879,750,34
2021-04-12 00:01:06.480000,13793.321,13789.869,750,750
2021-04-12 00:01:06.792000,13793.333,13790.719,750,34
2021-04-12 00:01:06.842000,13794.221,13790.999,750,750
2021-04-12 00:01:06.949000,13794.013,13791.129,750,34
2021-04-12 00:01:07.000000,13794.671,13791.219,750,750
2021-04-12 00:01:07.109000,13794.431,13791.197,750,740
2021-04-12 00:01:07.160000,13794.411,13790.919,750,750
2021-04-12 00:01:07.287000,13794.303,13790.939,750,750
2021-04-12 00:01:07.338000,13794.311,13790.879,750,750
2021-04-12 00:01:07.451000,13793.801,13790.887,750,16
2021-04-12 00:01:07.501000,13793.601,13790.319,750,750
2021-04-12 00:01:08.438000,13793.491,13790.367,750,16
2021-04-12 00:01:08.488000,13793.441,13789.979,750,750
2021-04-12 00:01:08.596000,13792.831,13789.947,750,16
2021-04-12 00:01:08.647000,13792.831,13789.339,750,750
2021-04-12 00:01:08.756000,13792.863,13789.439,750,750
2021-04-12 00:01:08.806000,13792.971,13789.449,750,750
2021-04-12 00:01:09.399000,13792.401,13789.447,750,16
2021-04-12 00:01:09.449000,13792.401,13789.149,750,750
2021-04-12 00:01:09.559000,13792.673,13789.219,750,750
2021-04-12 00:01:09.609000,13792.751,13789.219,750,750
2021-04-12 00:01:09.720000,13791.941,13789.207,750,16
2021-04-12 00:01:09.770000,13791.981,13788.699,750,750
2021-04-12 00:01:11.590000,13791.831,13788.487,750,740
2021-04-12 00:01:11.640000,13791.831,13788.349,750,750
2021-04-12 00:01:11.751000,13791.651,13788.347,750,740
2021-04-12 00:01:11.801000,13791.611,13788.169,750,750
2021-04-12 00:01:12.501000,13791.413,13788.349,750,750
2021-04-12 00:01:12.551000,13791.791,13788.369,750,750
2021-04-12 00:01:12.659000,13791.863,13788.419,750,750
2021-04-12 00:01:12.710000,13791.981,13788.429,750,750
2021-04-12 00:01:13.339000,13791.781,13788.477,750,740
2021-04-12 00:01:13.389000,13791.711,13788.499,750,750
2021-04-12 00:01:13.500000,13791.703,13788.699,750,34
2021-04-12 00:01:13.551000,13791.911,13788.619,750,750
2021-04-12 00:01:14.140000,13792.153,13789.499,750,34
2021-04-12 00:01:14.191000,13792.691,13789.259,750,750
2021-04-12 00:01:14.514000,13792.451,13789.277,750,16
2021-04-12 00:01:14.565000,13792.201,13788.969,750,750
2021-04-12 00:01:14.671000,13792.161,13788.957,750,16
2021-04-12 00:01:14.722000,13792.101,13788.679,750,750
2021-04-12 00:01:14.831000,13792.103,13788.739,750,750
2021-04-12 00:01:14.882000,13792.201,13788.999,750,750
2021-04-12 00:01:15.152000,13792.223,13788.849,750,750
2021-04-12 00:01:15.202000,13792.391,13789.089,750,750
2021-04-12 00:01:15.493000,13792.323,13788.969,750,750
2021-04-12 00:01:15.544000,13792.411,13788.979,750,750
2021-04-12 00:01:15.654000,13792.281,13789.007,750,740
2021-04-12 00:01:15.705000,13792.351,13788.849,750,750
2021-04-12 00:01:15.946000,13792.353,13788.969,750,750
2021-04-12 00:01:15.996000,13792.421,13788.999,750,750
2021-04-12 00:01:16.287000,13792.483,13789.369,750,34
2021-04-12 00:01:16.338000,13792.831,13789.369,750,750
2021-04-12 00:01:16.608000,13792.671,13789.317,750,740
2021-04-12 00:01:16.658000,13792.691,13789.189,750,750
2021-04-12 00:01:16.928000,13792.593,13789.259,750,750
2021-04-12 00:01:16.978000,13792.721,13789.239,750,750
2021-04-12 00:01:17.204000,13792.641,13789.297,750,740
2021-04-12 00:01:17.254000,13792.691,13789.129,750,750
2021-04-12 00:01:18.318000,13792.413,13789.229,750,750
2021-04-12 00:01:18.369000,13792.731,13789.219,750,750
2021-04-12 00:01:18.642000,13792.581,13789.217,750,740
2021-04-12 00:01:18.692000,13792.401,13789.169,750,750
2021-04-12 00:01:20.628000,13792.623,13789.319,750,750
2021-04-12 00:01:20.678000,13792.511,13789.319,750,750
2021-04-12 00:01:20.948000,13792.671,13789.307,750,740
2021-04-12 00:01:20.999000,13792.621,13789.179,750,750
2021-04-12 00:01:21.106000,13792.613,13789.229,750,750
2021-04-12 00:01:21.156000,13792.791,13789.229,750,750
2021-04-12 00:01:21.427000,13792.641,13789.247,750,740
2021-04-12 00:01:21.477000,13792.671,13789.189,750,750
2021-04-12 00:01:22.152000,13792.643,13789.309,750,750
2021-04-12 00:01:22.202000,13792.721,13789.299,750,750
2021-04-12 00:01:25.128000,13792.241,13789.247,750,16
2021-04-12 00:01:25.178000,13792.281,13788.709,750,750
2021-04-12 00:01:26.194000,13792.081,13788.777,750,740
2021-04-12 00:01:26.245000,13792.181,13788.629,750,750
2021-04-12 00:01:26.514000,13791.811,13788.637,750,16
2021-04-12 00:01:26.564000,13791.781,13788.379,750,750
2021-04-12 00:01:26.876000,13791.853,13788.629,750,34
2021-04-12 00:01:26.927000,13792.161,13788.689,750,750
2021-04-12 00:01:27.383000,13792.113,13789.189,750,34
2021-04-12 00:01:27.434000,13792.391,13788.999,750,750
2021-04-12 00:01:27.549000,13792.463,13789.219,750,34
2021-04-12 00:01:27.599000,13792.691,13789.269,750,750
2021-04-12 00:01:28.338000,13792.311,13789.267,750,16
2021-04-12 00:01:28.389000,13792.361,13788.889,750,750
2021-04-12 00:01:29.433000,13792.283,13789.469,750,34
2021-04-12 00:01:29.484000,13792.911,13789.489,750,750
2021-04-12 00:01:30.146000,13792.371,13789.487,750,16
2021-04-12 00:01:30.196000,13792.301,13789.099,750,750
2021-04-12 00:01:30.518000,13792.161,13788.897,750,740
2021-04-12 00:01:30.568000,13792.121,13788.679,750,750
2021-04-12 00:01:30.679000,13792.173,13789.019,750,34
2021-04-12 00:01:30.730000,13792.391,13789.009,750,750
2021-04-12 00:01:32.671000,13792.203,13789.679,750,34
2021-04-12 00:01:32.722000,13793.121,13789.629,750,750
2021-04-12 00:01:32.831000,13792.281,13789.667,750,16
2021-04-12 00:01:32.881000,13792.001,13788.809,750,750
2021-04-12 00:01:32.991000,13792.141,13788.817,750,740
2021-04-12 00:01:33.041000,13792.161,13788.609,750,750
2021-04-12 00:01:33.972000,13791.711,13788.647,750,16
2021-04-12 00:01:34.022000,13791.751,13788.279,750,750
2021-04-12 00:01:34.451000,13791.441,13788.257,750,16
2021-04-12 00:01:34.501000,13791.451,13787.999,750,750
2021-04-12 00:01:34.880000,13791.473,13788.289,750,34
2021-04-12 00:01:34.930000,13791.691,13788.259,750,750
2021-04-12 00:01:35.360000,13791.703,13788.479,750,750
2021-04-12 00:01:35.410000,13791.981,13788.519,750,750
2021-04-12 00:01:35.549000,13791.801,13788.497,750,740
2021-04-12 00:01:35.599000,13791.821,13788.359,750,750
2021-04-12 00:01:36.476000,13791.833,13788.489,750,750
2021-04-12 00:01:36.526000,13791.881,13788.419,750,750
2021-04-12 00:01:38.808000,13791.953,13788.899,750,34
2021-04-12 00:01:38.859000,13792.161,13788.899,750,750
2021-04-12 00:01:39.287000,13792.113,13788.819,750,750
2021-04-12 00:01:39.338000,13792.341,13788.889,750,750
2021-04-12 00:01:39.451000,13791.901,13789.097,750,16
2021-04-12 00:01:39.501000,13791.711,13788.459,750,750
2021-04-12 00:01:39.608000,13791.903,13789.209,750,34
2021-04-12 00:01:39.659000,13792.751,13789.209,750,750
2021-04-12 00:01:39.940000,13792.161,13789.207,750,16
2021-04-12 00:01:39.990000,13792.101,13788.679,750,750
2021-04-12 00:01:40.366000,13792.173,13788.839,750,750
2021-04-12 00:01:40.416000,13792.351,13788.879,750,750
2021-04-12 00:01:40.528000,13792.363,13789.259,750,34
2021-04-12 00:01:40.578000,13792.741,13789.239,750,750
2021-04-12 00:01:40.689000,13792.441,13789.267,750,16
2021-04-12 00:01:40.739000,13792.451,13788.979,750,750
2021-04-12 00:01:42.759000,13791.921,13788.917,750,16
2021-04-12 00:01:42.809000,13791.711,13788.509,750,750
2021-04-12 00:01:43.196000,13791.913,13788.719,750,34
2021-04-12 00:01:43.247000,13792.171,13788.709,750,750
2021-04-12 00:01:43.356000,13791.611,13788.897,750,16
2021-04-12 00:01:43.407000,13791.611,13788.169,750,750
2021-04-12 00:01:44.351000,13791.643,13788.479,750,34
2021-04-12 00:01:44.401000,13791.951,13788.489,750,750
2021-04-12 00:01:45.185000,13791.751,13788.417,750,740
2021-04-12 00:01:45.236000,13791.761,13788.269,750,750
2021-04-12 00:01:45.570000,13791.471,13788.257,750,16
2021-04-12 00:01:45.620000,13791.421,13788.009,750,750
2021-04-12 00:01:45.730000,13791.453,13788.319,750,34
2021-04-12 00:01:45.781000,13791.701,13788.239,750,750
2021-04-12 00:01:45.893000,13791.783,13788.509,750,34
2021-04-12 00:01:45.943000,13791.701,13788.449,750,750
2021-04-12 00:01:46.689000,13791.913,13788.629,750,750
2021-04-12 00:01:46.740000,13791.911,13788.679,750,750
2021-04-12 00:01:47.185000,13791.701,13788.657,750,740
2021-04-12 00:01:47.235000,13791.701,13788.489,750,750
2021-04-12 00:01:47.804000,13791.671,13788.457,750,16
2021-04-12 00:01:47.855000,13791.611,13788.169,750,750
2021-04-12 00:01:48.651000,13791.291,13788.177,750,16
2021-04-12 00:01:48.702000,13791.351,13787.859,750,750
2021-04-12 00:01:48.812000,13791.121,13787.817,750,740
2021-04-12 00:01:48.862000,13791.161,13787.709,750,750
2021-04-12 00:01:50.574000,13790.861,13787.697,750,16
2021-04-12 00:01:50.625000,13790.601,13787.599,750,750
2021-04-12 00:01:51.060000,13790.833,13787.419,750,750
2021-04-12 00:01:51.110000,13790.971,13787.479,750,750
2021-04-12 00:01:51.904000,13790.661,13787.407,750,16
2021-04-12 00:01:51.955000,13790.631,13787.119,750,750
2021-04-12 00:01:52.066000,13790.643,13787.309,750,750
2021-04-12 00:01:52.116000,13790.841,13787.409,750,750
2021-04-12 00:01:52.385000,13790.833,13787.449,750,750
2021-04-12 00:01:52.435000,13790.891,13787.489,750,750
2021-04-12 00:01:52.566000,13790.721,13787.417,750,740
2021-04-12 00:01:52.616000,13790.751,13787.309,750,750
2021-04-12 00:01:52.725000,13790.503,13787.369,750,750
2021-04-12 00:01:52.776000,13790.791,13787.339,750,750
2021-04-12 00:01:54.035000,13790.741,13787.397,750,740
2021-04-12 00:01:54.085000,13790.681,13787.279,750,750
2021-04-12 00:01:54.983000,13790.591,13787.277,750,740
2021-04-12 00:01:55.033000,13790.401,13787.139,750,750
2021-04-12 00:01:55.142000,13790.613,13787.269,750,750
2021-04-12 00:01:55.193000,13790.721,13787.269,750,750
2021-04-12 00:01:55.603000,13790.641,13787.227,750,740
2021-04-12 00:01:55.653000,13790.661,13787.209,750,750
2021-04-12 00:01:56.450000,13789.951,13787.137,750,16
2021-04-12 00:01:56.501000,13789.981,13786.699,750,750
2021-04-12 00:01:56.610000,13789.973,13786.639,750,750
2021-04-12 00:01:56.661000,13790.171,13786.619,750,750
2021-04-12 00:01:57.330000,13789.831,13786.667,750,16
2021-04-12 00:01:57.380000,13789.801,13786.409,750,750
2021-04-12 00:01:57.970000,13789.191,13786.397,750,16
2021-04-12 00:01:58.020000,13789.001,13785.799,750,750
2021-04-12 00:01:59.094000,13789.223,13786.179,750,34
2021-04-12 00:01:59.144000,13789.691,13786.139,750,750
2021-04-12 00:01:59.251000,13788.971,13786.167,750,16
2021-04-12 00:01:59.301000,13788.921,13785.419,750,750
2021-04-12 00:01:59.410000,13788.591,13785.407,750,16
2021-04-12 00:01:59.460000,13788.601,13785.119,750,750
2021-04-12 00:01:59.569000,13788.441,13785.387,750,16
2021-04-12 00:01:59.620000,13788.461,13784.999,750,750
2021-04-12 00:01:59.978000,13788.351,13784.947,750,740
2021-04-12 00:02:00.028000,13788.351,13784.869,750,750
2021-04-12 00:02:00.134000,13788.353,13785.189,750,34
2021-04-12 00:02:00.185000,13788.681,13785.209,750,750
2021-04-12 00:02:00.336000,13788.381,13785.117,750,740
2021-04-12 00:02:00.386000,13788.401,13785.009,750,750
2021-04-12 00:02:00.495000,13788.383,13785.129,750,750
2021-04-12 00:02:00.545000,13788.691,13785.219,750,750
2021-04-12 00:02:00.656000,13788.663,13785.309,750,750
2021-04-12 00:02:00.706000,13788.781,13785.309,750,750
2021-04-12 00:02:01.021000,13788.591,13785.277,750,740
2021-04-12 00:02:01.071000,13788.651,13785.169,750,750
2021-04-12 00:02:01.183000,13788.673,13785.389,750,750
2021-04-12 00:02:01.233000,13788.841,13785.319,750,750
2021-04-12 00:02:02.009000,13787.191,13785.407,750,16
2021-04-12 00:02:02.059000,13787.171,13783.709,750,750
2021-04-12 00:02:02.182000,13787.191,13783.779,750,750
2021-04-12 00:02:02.331000,13787.193,13783.819,750,750
2021-04-12 00:02:02.381000,13787.331,13783.829,750,750
2021-04-12 00:02:02.651000,13787.181,13783.907,750,740
2021-04-12 00:02:02.701000,13787.181,13783.729,750,750
2021-04-12 00:02:03.090000,13787.111,13783.787,750,740
2021-04-12 00:02:03.140000,13786.901,13783.679,750,750
2021-04-12 00:02:03.252000,13787.123,13783.729,750,750
2021-04-12 00:02:03.302000,13787.201,13783.709,750,750
2021-04-12 00:02:03.791000,13787.003,13783.889,750,750
2021-04-12 00:02:03.841000,13787.341,13783.839,750,750
2021-04-12 00:02:04.083000,13787.291,13784.087,750,16
2021-04-12 00:02:04.134000,13787.251,13783.759,750,750
2021-04-12 00:02:04.243000,13787.081,13783.717,750,740
2021-04-12 00:02:04.293000,13787.161,13783.669,750,750
2021-04-12 00:02:04.402000,13786.951,13783.897,750,16
2021-04-12 00:02:04.453000,13786.981,13783.489,750,750
2021-04-12 00:02:04.563000,13786.973,13784.179,750,34
2021-04-12 00:02:04.613000,13787.671,13784.189,750,750
2021-04-12 00:02:04.764000,13787.311,13784.147,750,16
2021-04-12 00:02:04.815000,13787.301,13783.819,750,750
2021-04-12 00:02:04.922000,13787.271,13783.867,750,740
2021-04-12 00:02:04.972000,13787.001,13783.719,750,750
2021-04-12 00:02:05.403000,13787.141,13783.747,750,740
2021-04-12 00:02:05.454000,13787.101,13783.639,750,750
2021-04-12 00:02:06.056000,13787.173,13783.709,750,750
2021-04-12 00:02:06.106000,13787.251,13783.709,750,750
2021-04-12 00:02:06.595000,13787.183,13783.989,750,750
2021-04-12 00:02:06.645000,13787.451,13783.979,750,750
2021-04-12 00:02:06.755000,13787.171,13783.977,750,16
2021-04-12 00:02:06.806000,13787.111,13783.699,750,750
2021-04-12 00:02:08.040000,13787.103,13783.889,750,750
2021-04-12 00:02:08.090000,13787.361,13783.849,750,750
2021-04-12 00:02:08.200000,13787.151,13783.847,750,740
2021-04-12 00:02:08.251000,13787.131,13783.609,750,750
2021-04-12 00:02:08.360000,13786.991,13783.667,750,740
2021-04-12 00:02:08.410000,13786.891,13783.449,750,750
2021-04-12 00:02:08.521000,13786.933,13783.969,750,34
2021-04-12 00:02:08.571000,13787.481,13783.919,750,750
2021-04-12 00:02:08.679000,13787.483,13784.229,750,34
2021-04-12 00:02:08.729000,13787.761,13784.279,750,750
2021-04-12 00:02:09.160000,13786.401,13784.277,750,16
2021-04-12 00:02:09.210000,13786.401,13782.919,750,750
2021-04-12 00:02:09.321000,13786.433,13783.309,750,34
2021-04-12 00:02:09.371000,13786.711,13783.239,750,750
2021-04-12 00:02:09.482000,13786.503,13783.439,750,750
2021-04-12 00:02:09.533000,13786.701,13783.469,750,750
2021-04-12 00:02:09.641000,13786.883,13783.659,750,750
2021-04-12 00:02:09.691000,13787.091,13783.639,750,750
2021-04-12 00:02:10.717000,13787.093,13783.969,750,34
2021-04-12 00:02:10.767000,13787.211,13783.989,750,750
2021-04-12 00:02:12.306000,13787.381,13784.007,750,740
2021-04-12 00:02:12.357000,13787.301,13783.849,750,750
2021-04-12 00:02:12.787000,13786.701,13784.087,750,16
2021-04-12 00:02:12.837000,13786.721,13783.309,750,750
2021-04-12 00:02:13.616000,13786.713,13783.329,750,750
2021-04-12 00:02:13.666000,13786.611,13783.359,750,750
2021-04-12 00:02:13.776000,13786.853,13783.699,750,34
2021-04-12 00:02:13.826000,13787.101,13783.709,750,750
2021-04-12 00:02:13.938000,13786.701,13783.449,750,750
2021-04-12 00:02:14.850000,13786.831,13783.417,750,740
2021-04-12 00:02:14.900000,13786.801,13783.379,750,750
2021-04-12 00:02:15.923000,13786.883,13783.699,750,34
2021-04-12 00:02:15.973000,13786.991,13783.479,750,750
2021-04-12 00:02:16.464000,13786.943,13783.869,750,34
2021-04-12 00:02:16.514000,13787.321,13783.839,750,750
2021-04-12 00:02:16.623000,13787.283,13783.939,750,750
2021-04-12 00:02:16.674000,13787.411,13783.929,750,750
2021-04-12 00:02:16.784000,13787.181,13783.967,750,16
2021-04-12 00:02:16.834000,13787.171,13783.659,750,750
2021-04-12 00:02:17.413000,13786.601,13783.637,750,16
2021-04-12 00:02:17.463000,13786.821,13783.359,750,750
2021-04-12 00:02:18.802000,13786.873,13783.499,750,750
2021-04-12 00:02:18.852000,13786.961,13783.469,750,750
2021-04-12 00:02:19.964000,13786.973,13783.709,750,34
2021-04-12 00:02:20.014000,13787.171,13783.639,750,750
2021-04-12 00:02:20.124000,13787.173,13783.939,750,34
2021-04-12 00:02:20.174000,13787.401,13783.979,750,750
2021-04-12 00:02:20.305000,13787.281,13783.947,750,740
2021-04-12 00:02:20.356000,13787.331,13783.809,750,750
2021-04-12 00:02:20.465000,13787.383,13783.939,750,750
2021-04-12 00:02:20.515000,13787.431,13783.999,750,750
2021-04-12 00:02:21.059000,13787.413,13784.209,750,34
2021-04-12 00:02:21.109000,13787.601,13784.399,750,750
2021-04-12 00:02:21.212000,13787.633,13784.399,750,750
2021-04-12 00:02:21.262000,13787.801,13784.379,750,750
2021-04-12 00:02:22.492000,13787.833,13784.689,750,34
2021-04-12 00:02:22.542000,13788.091,13784.639,750,750
2021-04-12 00:02:22.656000,13788.173,13785.269,750,34
2021-04-12 00:02:22.706000,13788.501,13785.239,750,750
2021-04-12 00:02:22.812000,13788.743,13785.709,750,34
2021-04-12 00:02:22.862000,13789.141,13785.689,750,750
2021-04-12 00:02:22.972000,13788.611,13785.647,750,16
2021-04-12 00:02:23.023000,13788.661,13785.209,750,750
2021-04-12 00:02:24.438000,13788.623,13785.239,750,750
2021-04-12 00:02:24.488000,13788.761,13785.229,750,750
2021-04-12 00:02:25.032000,13788.503,13785.369,750,750
2021-04-12 00:02:25.082000,13788.601,13785.329,750,750
2021-04-12 00:02:27.559000,13788.783,13785.409,750,750
2021-04-12 00:02:27.609000,13788.921,13785.509,750,750
2021-04-12 00:02:27.718000,13788.831,13785.437,750,740
2021-04-12 00:02:27.768000,13788.791,13785.389,750,750
2021-04-12 00:02:27.878000,13788.893,13785.789,750,34
2021-04-12 00:02:27.929000,13789.011,13785.729,750,750
2021-04-12 00:02:30.465000,13788.911,13785.777,750,16
2021-04-12 00:02:30.515000,13788.911,13785.499,750,750
2021-04-12 00:02:30.623000,13788.973,13785.679,750,750
2021-04-12 00:02:30.674000,13788.901,13785.639,750,750
2021-04-12 00:02:30.784000,13789.163,13785.739,750,750
2021-04-12 00:02:30.834000,13789.211,13785.729,750,750
2021-04-12 00:02:30.945000,13789.003,13786.299,750,34
2021-04-12 00:02:30.996000,13789.741,13786.309,750,750
2021-04-12 00:02:31.106000,13789.081,13786.497,750,16
2021-04-12 00:02:31.156000,13789.151,13785.689,750,750
2021-04-12 00:02:31.267000,13788.901,13785.997,750,16
2021-04-12 00:02:31.317000,13789.281,13785.809,750,750
2021-04-12 00:02:31.687000,13789.141,13785.997,750,16
2021-04-12 00:02:31.737000,13789.151,13785.719,750,750
2021-04-12 00:02:32.008000,13789.133,13785.769,750,750
2021-04-12 00:02:32.058000,13789.261,13785.739,750,750
2021-04-12 00:02:32.168000,13789.181,13785.757,750,740
2021-04-12 00:02:32.219000,13789.141,13785.629,750,750
2021-04-12 00:02:32.434000,13789.153,13785.809,750,750
2021-04-12 00:02:32.485000,13789.261,13785.729,750,750
2021-04-12 00:02:32.595000,13789.151,13785.797,750,740
2021-04-12 00:02:32.646000,13789.131,13785.709,750,750
2021-04-12 00:02:32.755000,13789.123,13785.739,750,750
2021-04-12 00:02:32.805000,13789.011,13785.769,750,750
2021-04-12 00:02:32.916000,13789.233,13785.939,750,750
2021-04-12 00:02:32.966000,13789.401,13785.929,750,750
2021-04-12 00:02:33.075000,13789.301,13785.997,750,740
2021-04-12 00:02:33.126000,13789.301,13785.859,750,750
2021-04-12 00:02:34.128000,13789.241,13785.847,750,740
2021-04-12 00:02:34.178000,13789.291,13785.779,750,750
2021-04-12 00:02:35.413000,13789.131,13785.807,750,740
2021-04-12 00:02:35.463000,13789.091,13785.899,750,750
2021-04-12 00:02:35.573000,13789.153,13785.789,750,750
2021-04-12 00:02:35.623000,13789.261,13785.799,750,750
2021-04-12 00:02:35.894000,13788.871,13785.757,750,16
2021-04-12 00:02:35.944000,13788.861,13785.319,750,750
2021-04-12 00:02:36.076000,13788.843,13785.489,750,750
2021-04-12 00:02:36.126000,13788.891,13785.509,750,750
2021-04-12 00:02:36.236000,13788.973,13785.629,750,750
2021-04-12 00:02:36.286000,13789.121,13785.889,750,750
2021-04-12 00:02:37.262000,13789.153,13785.909,750,34
2021-04-12 00:02:37.312000,13789.451,13785.969,750,750
2021-04-12 00:02:37.429000,13788.741,13785.937,750,16
2021-04-12 00:02:37.479000,13788.501,13785.309,750,750
2021-04-12 00:02:38.202000,13787.891,13785.307,750,16
2021-04-12 00:02:38.252000,13787.901,13784.459,750,750
2021-04-12 00:02:38.361000,13787.933,13784.699,750,750
2021-04-12 00:02:38.412000,13788.121,13784.639,750,750
2021-04-12 00:02:38.638000,13788.133,13784.799,750,750
2021-04-12 00:02:38.688000,13788.291,13784.789,750,750
2021-04-12 00:02:38.795000,13788.293,13784.889,750,750
2021-04-12 00:02:38.845000,13788.101,13784.899,750,750
2021-04-12 00:02:39.584000,13788.221,13784.837,750,740
2021-04-12 00:02:39.635000,13788.251,13784.759,750,750
2021-04-12 00:02:39.744000,13787.581,13784.767,750,16
2021-04-12 00:02:39.795000,13787.651,13784.159,750,750
2021-04-12 00:02:39.906000,13787.653,13784.699,750,34
2021-04-12 00:02:39.956000,13788.181,13784.699,750,750
2021-04-12 00:02:40.067000,13788.083,13784.839,750,750
2021-04-12 00:02:40.118000,13788.351,13784.919,750,750
2021-04-12 00:02:40.226000,13788.383,13785.189,750,34
2021-04-12 00:02:40.276000,13788.451,13784.949,750,750
2021-04-12 00:02:40.899000,13788.443,13785.199,750,34
2021-04-12 00:02:40.949000,13788.641,13785.199,750,750
2021-04-12 00:02:41.059000,13788.683,13785.479,750,34
2021-04-12 00:02:41.110000,13788.981,13785.499,750,750
2021-04-12 00:02:41.219000,13787.631,13785.487,750,16
2021-04-12 00:02:41.270000,13787.681,13784.189,750,750
2021-04-12 00:02:41.379000,13787.121,13784.207,750,16
2021-04-12 00:02:41.430000,13787.111,13783.639,750,750
2021-04-12 00:02:42.277000,13786.841,13783.717,750,16
2021-04-12 00:02:42.328000,13786.841,13783.349,750,750
2021-04-12 00:02:42.437000,13786.883,13783.699,750,34
2021-04-12 00:02:42.487000,13787.121,13783.629,750,750
2021-04-12 00:02:43.512000,13787.173,13783.709,750,750
2021-04-12 00:02:43.563000,13787.221,13783.709,750,750
2021-04-12 00:02:44.072000,13787.151,13783.737,750,740
2021-04-12 00:02:44.123000,13787.171,13783.629,750,750
2021-04-12 00:02:44.672000,13786.913,13783.719,750,750
2021-04-12 00:02:44.722000,13787.251,13783.759,750,750
2021-04-12 00:02:44.831000,13787.151,13783.767,750,740
2021-04-12 00:02:44.881000,13787.101,13783.719,750,750
2021-04-12 00:02:45.386000,13787.153,13783.789,750,750
2021-04-12 00:02:45.436000,13787.221,13783.739,750,750
2021-04-12 00:02:46.348000,13787.293,13784.269,750,34
2021-04-12 00:02:46.399000,13787.771,13784.229,750,750
2021-04-12 00:02:46.660000,13787.301,13784.307,750,16
2021-04-12 00:02:46.710000,13787.381,13783.829,750,750
2021-04-12 00:02:47.571000,13787.251,13783.857,750,740
2021-04-12 00:02:47.622000,13787.201,13783.759,750,750
2021-04-12 00:02:47.834000,13786.771,13783.987,750,16
2021-04-12 00:02:47.885000,13786.791,13783.489,750,750
2021-04-12 00:02:47.997000,13786.641,13783.257,750,740
2021-04-12 00:02:48.047000,13786.661,13783.189,750,750
2021-04-12 00:02:49.284000,13786.613,13783.299,750,750
2021-04-12 00:02:49.334000,13786.781,13783.269,750,750
2021-04-12 00:02:49.443000,13786.641,13783.287,750,740
2021-04-12 00:02:49.493000,13786.661,13783.199,750,750
2021-04-12 00:02:50.160000,13786.601,13783.297,750,740
2021-04-12 00:02:50.211000,13786.731,13783.259,750,750
2021-04-12 00:02:51.216000,13786.503,13783.399,750,750
2021-04-12 00:02:51.266000,13786.851,13783.369,750,750
2021-04-12 00:02:51.372000,13786.883,13783.469,750,750
2021-04-12 00:02:51.422000,13786.991,13783.429,750,750
2021-04-12 00:02:54.000000,13786.711,13783.427,750,740
2021-04-12 00:02:54.050000,13786.761,13783.499,750,750
2021-04-12 00:02:54.158000,13786.703,13783.589,750,34
2021-04-12 00:02:54.209000,13786.881,13783.369,750,750
2021-04-12 00:02:54.480000,13786.431,13783.407,750,16
2021-04-12 00:02:54.530000,13786.391,13782.949,750,750
2021-04-12 00:02:54.724000,13786.291,13782.997,750,740
2021-04-12 00:02:54.775000,13786.101,13782.889,750,750
2021-04-12 00:02:54.885000,13785.001,13782.877,750,16
2021-04-12 00:02:54.936000,13785.201,13781.719,750,750
2021-04-12 00:02:55.042000,13785.203,13781.849,750,750
2021-04-12 00:02:55.093000,13785.351,13781.909,750,750
2021-04-12 00:02:55.203000,13784.941,13781.877,750,16
2021-04-12 00:02:55.253000,13784.701,13781.499,750,750
2021-04-12 00:02:55.581000,13784.963,13781.789,750,34
2021-04-12 00:02:55.631000,13785.271,13781.759,750,750
2021-04-12 00:02:55.732000,13785.183,13781.829,750,750
2021-04-12 00:02:55.782000,13785.381,13781.849,750,750
2021-04-12 00:02:56.499000,13785.241,13781.837,750,740
2021-04-12 00:02:56.549000,13785.271,13781.749,750,750
2021-04-12 00:02:56.659000,13785.223,13781.819,750,750
2021-04-12 00:02:56.709000,13785.341,13781.859,750,750
2021-04-12 00:02:56.818000,13785.323,13782.189,750,34
2021-04-12 00:02:56.869000,13785.471,13781.969,750,750
2021-04-12 00:02:58.120000,13784.971,13781.977,750,16
2021-04-12 00:02:58.170000,13784.921,13781.479,750,750
2021-04-12 00:02:58.514000,13784.943,13781.629,750,750
2021-04-12 00:02:58.564000,13785.161,13781.679,750,750
2021-04-12 00:02:59.246000,13784.891,13781.627,750,740
2021-04-12 00:02:59.296000,13784.911,13781.489,750,750
2021-04-12 00:02:59.758000,13784.791,13781.687,750,16
2021-04-12 00:02:59.809000,13784.851,13781.339,750,750
2021-04-12 00:02:59.914000,13784.211,13781.587,750,16
2021-04-12 00:02:59.964000,13784.451,13781.199,750,750
2021-04-12 00:03:00.073000,13784.371,13781.007,750,740
2021-04-12 00:03:00.124000,13784.101,13781.099,750,750
2021-04-12 00:03:00.715000,13784.323,13780.919,750,750
2021-04-12 00:03:00.765000,13784.471,13780.939,750,750
2021-04-12 00:03:01.035000,13784.331,13780.927,750,740
2021-04-12 00:03:01.085000,13784.331,13780.859,750,750
2021-04-12 00:03:01.330000,13784.313,13780.989,750,750
2021-04-12 00:03:01.381000,13784.201,13780.979,750,750
2021-04-12 00:03:01.488000,13784.291,13781.007,750,740
2021-04-12 00:03:01.539000,13784.281,13780.809,750,750
2021-04-12 00:03:01.649000,13784.101,13780.897,750,740
2021-04-12 00:03:01.699000,13784.181,13780.679,750,750
2021-04-12 00:03:01.809000,13783.981,13780.627,750,740
2021-04-12 00:03:01.860000,13783.941,13780.409,750,750
2021-04-12 00:03:02.308000,13783.913,13780.699,750,34
2021-04-12 00:03:02.358000,13784.181,13780.889,750,750
2021-04-12 00:03:02.467000,13783.891,13780.617,750,740
2021-04-12 00:03:02.518000,13783.921,13780.439,750,750
2021-04-12 00:03:03.625000,13783.983,13780.909,750,34
2021-04-12 00:03:03.675000,13784.391,13780.869,750,750
2021-04-12 00:03:03.783000,13784.101,13781.097,750,16
2021-04-12 00:03:03.833000,13784.111,13780.679,750,750
2021-04-12 00:03:03.944000,13784.153,13780.779,750,750
2021-04-12 00:03:03.995000,13784.011,13780.739,750,750
2021-04-12 00:03:04.344000,13783.911,13780.737,750,16
2021-04-12 00:03:04.394000,13783.941,13780.459,750,750
2021-04-12 00:03:04.823000,13783.983,13780.649,750,750
2021-04-12 00:03:04.873000,13784.171,13780.709,750,750
2021-04-12 00:03:04.983000,13784.113,13780.819,750,750
2021-04-12 00:03:05.033000,13784.191,13780.769,750,750
2021-04-12 00:03:05.144000,13784.293,13781.349,750,34
2021-04-12 00:03:05.194000,13784.801,13781.399,750,750
2021-04-12 00:03:05.312000,13784.823,13781.509,750,750
2021-04-12 00:03:05.362000,13784.921,13781.429,750,750
2021-04-12 00:03:05.470000,13784.441,13781.447,750,16
2021-04-12 00:03:05.520000,13784.481,13780.979,750,750
2021-04-12 00:03:05.793000,13784.291,13781.017,750,740
2021-04-12 00:03:05.843000,13784.301,13781.089,750,750
2021-04-12 00:03:05.952000,13784.383,13781.209,750,34
2021-04-12 00:03:06.003000,13784.401,13781.219,750,750
2021-04-12 00:03:06.110000,13784.371,13781.127,750,16
2021-04-12 00:03:06.161000,13784.391,13781.089,750,750
2021-04-12 00:03:06.431000,13784.363,13781.189,750,34
2021-04-12 00:03:06.481000,13784.611,13781.179,750,750
2021-04-12 00:03:06.592000,13784.271,13781.157,750,16
2021-04-12 00:03:06.643000,13784.281,13780.739,750,750
2021-04-12 00:03:06.770000,13784.233,13780.889,750,750
2021-04-12 00:03:06.820000,13784.311,13780.849,750,750
2021-04-12 00:03:07.139000,13784.383,13780.969,750,750
2021-04-12 00:03:07.189000,13784.411,13780.979,750,750
2021-04-12 00:03:07.298000,13784.403,13781.389,750,34
2021-04-12 00:03:07.348000,13784.591,13781.159,750,750
2021-04-12 00:03:07.792000,13784.201,13781.127,750,740
2021-04-12 00:03:07.842000,13784.461,13780.969,750,750
2021-04-12 00:03:07.951000,13784.391,13780.977,750,740
2021-04-12 00:03:08.001000,13784.341,13780.819,750,750
2021-04-12 00:03:08.271000,13784.373,13780.969,750,750
2021-04-12 00:03:08.321000,13784.471,13781.199,750,750
2021-04-12 00:03:08.818000,13783.981,13781.007,750,16
2021-04-12 00:03:08.868000,13783.951,13780.499,750,750
2021-04-12 00:03:08.980000,13783.923,13780.689,750,750
2021-04-12 00:03:09.030000,13784.111,13780.659,750,750
2021-04-12 00:03:09.545000,13784.133,13780.789,750,750
2021-04-12 00:03:09.595000,13784.261,13780.799,750,750
2021-04-12 00:03:09.713000,13784.191,13780.877,750,740
2021-04-12 00:03:09.764000,13784.301,13780.839,750,750
2021-04-12 00:03:09.865000,13784.393,13780.979,750,750
2021-04-12 00:03:09.915000,13784.441,13780.969,750,750
2021-04-12 00:03:10.025000,13784.423,13781.499,750,34
2021-04-12 00:03:10.075000,13784.961,13781.509,750,750
2021-04-12 00:03:10.185000,13784.731,13781.497,750,740
2021-04-12 00:03:10.235000,13784.781,13781.269,750,750
2021-04-12 00:03:10.573000,13784.401,13781.227,750,16
2021-04-12 00:03:10.624000,13784.401,13780.949,750,750
2021-04-12 00:03:10.905000,13784.331,13780.977,750,740
2021-04-12 00:03:10.956000,13784.111,13781.089,750,750
2021-04-12 00:03:11.066000,13784.313,13781.149,750,34
2021-04-12 00:03:11.116000,13784.401,13781.169,750,750
2021-04-12 00:03:11.768000,13784.593,13781.269,750,750
2021-04-12 00:03:11.818000,13784.781,13781.209,750,750
2021-04-12 00:03:11.932000,13784.591,13781.207,750,740
2021-04-12 00:03:11.982000,13784.401,13781.389,750,750
2021-04-12 00:03:12.088000,13784.421,13781.137,750,740
2021-04-12 00:03:12.138000,13784.431,13780.959,750,750
2021-04-12 00:03:12.431000,13784.443,13781.209,750,34
2021-04-12 00:03:12.481000,13784.601,13781.139,750,750
2021-04-12 00:03:13.174000,13784.351,13781.167,750,16
2021-04-12 00:03:13.224000,13784.301,13780.839,750,750
2021-04-12 00:03:13.493000,13784.323,13780.929,750,750
2021-04-12 00:03:13.544000,13784.441,13781.019,750,750
2021-04-12 00:03:13.655000,13784.423,13781.599,750,34
2021-04-12 00:03:13.705000,13784.841,13781.339,750,750
2021-04-12 00:03:14.358000,13784.853,13781.779,750,34
2021-04-12 00:03:14.408000,13785.271,13781.799,750,750
2021-04-12 00:03:14.516000,13785.181,13781.757,750,740
2021-04-12 00:03:14.567000,13785.101,13781.679,750,750
2021-04-12 00:03:14.910000,13785.133,13781.969,750,34
2021-04-12 00:03:14.961000,13785.451,13781.909,750,750
2021-04-12 00:03:15.269000,13785.291,13781.907,750,740
2021-04-12 00:03:15.319000,13785.371,13781.869,750,750
2021-04-12 00:03:15.588000,13785.293,13782.119,750,34
2021-04-12 00:03:15.638000,13785.691,13782.199,750,750
2021-04-12 00:03:16.108000,13785.413,13782.409,750,34
2021-04-12 00:03:16.158000,13785.871,13782.399,750,750
2021-04-12 00:03:16.267000,13785.691,13782.327,750,740
2021-04-12 00:03:16.322000,13785.761,13782.249,750,750
2021-04-12 00:03:17.214000,13785.681,13782.307,750,740
2021-04-12 00:03:17.264000,13785.591,13782.129,750,750
2021-04-12 00:03:17.374000,13785.683,13782.209,750,750
2021-04-12 00:03:17.424000,13785.711,13782.229,750,750
2021-04-12 00:03:18.658000,13785.703,13782.489,750,750
2021-04-12 00:03:18.709000,13785.911,13782.419,750,750
2021-04-12 00:03:20.549000,13785.711,13782.477,750,740
2021-04-12 00:03:20.599000,13785.701,13782.269,750,750
2021-04-12 00:03:20.708000,13785.341,13782.099,750,750
2021-04-12 00:03:20.869000,13785.393,13782.259,750,34
2021-04-12 00:03:20.919000,13785.761,13782.299,750,750
2021-04-12 00:03:21.532000,13785.733,13782.719,750,34
2021-04-12 00:03:21.583000,13786.221,13782.749,750,750
2021-04-12 00:03:23.167000,13785.821,13782.757,750,16
2021-04-12 00:03:23.217000,13785.861,13782.389,750,750
2021-04-12 00:03:23.327000,13785.441,13782.357,750,16
2021-04-12 00:03:23.377000,13785.461,13781.919,750,750
2021-04-12 00:03:24.255000,13785.453,13782.639,750,34
2021-04-12 00:03:24.305000,13786.131,13782.629,750,750
2021-04-12 00:03:25.475000,13785.951,13782.677,750,740
2021-04-12 00:03:25.525000,13785.961,13782.419,750,750
2021-04-12 00:03:25.635000,13785.903,13782.819,750,34
2021-04-12 00:03:25.685000,13786.371,13782.909,750,750
2021-04-12 00:03:25.794000,13786.201,13782.847,750,740
2021-04-12 00:03:25.845000,13786.221,13782.999,750,750
2021-04-12 00:03:27.413000,13786.283,13782.889,750,750
2021-04-12 00:03:27.463000,13786.341,13782.859,750,750
2021-04-12 00:03:27.824000,13786.201,13782.907,750,740
2021-04-12 00:03:27.874000,13786.231,13782.799,750,750
2021-04-12 00:03:28.400000,13786.013,13782.869,750,750
2021-04-12 00:03:28.451000,13786.301,13782.829,750,750
2021-04-12 00:03:28.838000,13786.211,13782.897,750,740
2021-04-12 00:03:28.888000,13786.201,13782.799,750,750
2021-04-12 00:03:29.478000,13785.691,13782.997,750,16
2021-04-12 00:03:29.528000,13785.751,13782.269,750,750
2021-04-12 00:03:29.639000,13785.641,13782.267,750,740
2021-04-12 00:03:29.689000,13785.581,13782.179,750,750
2021-04-12 00:03:29.965000,13785.421,13782.157,750,740
2021-04-12 00:03:30.015000,13785.471,13781.979,750,750
2021-04-12 00:03:30.125000,13785.281,13781.997,750,16
2021-04-12 00:03:30.176000,13785.271,13781.779,750,750
2021-04-12 00:03:30.445000,13785.131,13781.787,750,740
2021-04-12 00:03:30.495000,13785.121,13781.629,750,750
2021-04-12 00:03:30.605000,13785.143,13781.989,750,34
2021-04-12 00:03:30.655000,13785.281,13781.729,750,750
2021-04-12 00:03:31.589000,13784.801,13781.747,750,16
2021-04-12 00:03:31.640000,13784.831,13781.319,750,750
2021-04-12 00:03:31.749000,13784.803,13781.999,750,34
2021-04-12 00:03:31.799000,13785.261,13781.729,750,750
2021-04-12 00:03:33.647000,13784.861,13781.737,750,16
2021-04-12 00:03:33.698000,13784.801,13781.339,750,750
2021-04-12 00:03:34.692000,13784.721,13781.347,750,740
2021-04-12 00:03:34.743000,13784.681,13781.309,750,750
2021-04-12 00:03:34.851000,13784.631,13781.317,750,740
2021-04-12 00:03:34.901000,13784.671,13781.159,750,750
2021-04-12 00:03:35.010000,13784.101,13781.167,750,16
2021-04-12 00:03:35.061000,13784.181,13780.669,750,750
2021-04-12 00:03:35.330000,13784.153,13780.729,750,750
2021-04-12 00:03:35.380000,13784.241,13780.759,750,750
2021-04-12 00:03:35.709000,13784.191,13780.737,750,740
2021-04-12 00:03:35.759000,13784.111,13780.889,750,750
2021-04-12 00:03:35.869000,13784.193,13780.749,750,750
2021-04-12 00:03:35.919000,13784.251,13780.989,750,750
2021-04-12 00:03:37.652000,13784.131,13780.987,750,16
2021-04-12 00:03:37.703000,13784.111,13780.619,750,750
2021-04-12 00:03:38.938000,13784.083,13781.189,750,34
2021-04-12 00:03:38.988000,13784.641,13781.399,750,750
2021-04-12 00:03:39.095000,13784.621,13781.667,750,16
2021-04-12 00:03:39.145000,13785.131,13781.629,750,750
2021-04-12 00:03:39.251000,13785.173,13781.879,750,750
2021-04-12 00:03:39.302000,13785.101,13781.919,750,750
2021-04-12 00:03:39.575000,13785.291,13781.907,750,740
2021-04-12 00:03:39.626000,13785.211,13781.789,750,750
2021-04-12 00:03:40.978000,13785.283,13782.169,750,34
2021-04-12 00:03:41.028000,13785.631,13782.169,750,750
2021-04-12 00:03:42.094000,13785.161,13782.157,750,16
2021-04-12 00:03:42.144000,13785.121,13781.629,750,750
2021-04-12 00:03:42.439000,13785.083,13781.719,750,750
2021-04-12 00:03:42.490000,13785.231,13781.799,750,750
2021-04-12 00:03:42.776000,13785.283,13781.919,750,750
2021-04-12 00:03:42.826000,13785.321,13781.849,750,750
2021-04-12 00:03:42.935000,13785.251,13781.817,750,740
2021-04-12 00:03:42.986000,13785.291,13781.779,750,750
2021-04-12 00:03:43.257000,13785.151,13781.817,750,740
2021-04-12 00:03:43.307000,13785.131,13781.649,750,750
2021-04-12 00:03:43.417000,13784.903,13781.819,750,750
2021-04-12 00:03:43.467000,13785.331,13781.819,750,750
2021-04-12 00:03:43.578000,13785.383,13782.199,750,34
2021-04-12 00:03:43.628000,13785.681,13782.129,750,750
2021-04-12 00:03:43.737000,13785.663,13782.499,750,34
2021-04-12 00:03:43.788000,13785.761,13782.289,750,750
2021-04-12 00:03:44.108000,13785.671,13782.217,750,740
2021-04-12 00:03:44.158000,13785.681,13782.189,750,750
2021-04-12 00:03:44.580000,13785.351,13782.117,750,16
2021-04-12 00:03:44.630000,13785.281,13781.879,750,750
2021-04-12 00:03:44.900000,13785.111,13781.847,750,740
2021-04-12 00:03:44.950000,13785.111,13781.619,750,750
2021-04-12 00:03:46.700000,13785.163,13781.809,750,750
2021-04-12 00:03:46.750000,13785.261,13781.779,750,750
2021-04-12 00:03:50.145000,13785.013,13782.319,750,34
2021-04-12 00:03:50.196000,13785.721,13782.299,750,750
2021-04-12 00:03:50.342000,13785.661,13782.237,750,740
2021-04-12 00:03:50.392000,13785.641,13782.139,750,750
2021-04-12 00:03:50.503000,13785.663,13782.299,750,750
2021-04-12 00:03:50.553000,13785.761,13782.239,750,750
2021-04-12 00:03:52.000000,13785.581,13782.287,750,740
2021-04-12 00:03:52.051000,13785.401,13782.209,750,750
2021-04-12 00:03:52.154000,13785.451,13782.187,750,740
2021-04-12 00:03:52.204000,13785.431,13781.939,750,750
2021-04-12 00:03:52.313000,13784.921,13781.907,750,16
2021-04-12 00:03:52.363000,13784.991,13781.699,750,750
2021-04-12 00:03:52.678000,13784.501,13781.697,750,16
2021-04-12 00:03:52.729000,13784.701,13781.239,750,750
2021-04-12 00:03:54.483000,13784.503,13781.339,750,750
2021-04-12 00:03:54.534000,13784.611,13781.379,750,750
2021-04-12 00:03:56.253000,13784.893,13781.689,750,34
2021-04-12 00:03:56.304000,13785.111,13781.649,750,750
2021-04-12 00:03:56.767000,13785.173,13781.769,750,750
2021-04-12 00:03:56.817000,13785.231,13781.739,750,750
2021-04-12 00:03:56.929000,13785.243,13782.709,750,34
2021-04-12 00:03:56.979000,13786.121,13782.889,750,750
2021-04-12 00:03:57.618000,13785.871,13782.707,750,16
2021-04-12 00:03:57.668000,13785.821,13782.399,750,750
2021-04-12 00:03:59.017000,13785.681,13782.397,750,740
2021-04-12 00:03:59.067000,13785.591,13782.149,750,750
2021-04-12 00:04:00.336000,13785.683,13782.399,750,750
2021-04-12 00:04:00.386000,13785.841,13782.589,750,750
2021-04-12 00:04:01.163000,13785.641,13782.337,750,740
2021-04-12 00:04:01.213000,13785.621,13782.209,750,750
2021-04-12 00:04:01.419000,13785.471,13782.187,750,740
2021-04-12 00:04:01.469000,13785.381,13781.909,750,750
2021-04-12 00:04:01.580000,13785.423,13782.179,750,750
2021-04-12 00:04:01.630000,13785.661,13782.179,750,750
2021-04-12 00:04:02.231000,13785.371,13782.207,750,16
2021-04-12 00:04:02.281000,13785.341,13782.089,750,750
2021-04-12 00:04:02.390000,13784.891,13781.847,750,16
2021-04-12 00:04:02.440000,13784.841,13781.339,750,750
2021-04-12 00:04:02.549000,13784.893,13781.519,750,750
2021-04-12 00:04:02.599000,13784.891,13781.439,750,750
2021-04-12 00:04:03.015000,13784.993,13781.619,750,750
2021-04-12 00:04:03.066000,13785.181,13781.679,750,750
2021-04-12 00:04:03.176000,13784.921,13781.717,750,16
2021-04-12 00:04:03.226000,13784.891,13781.519,750,750
2021-04-12 00:04:03.336000,13784.841,13781.517,750,740
2021-04-12 00:04:03.386000,13784.831,13781.409,750,750
2021-04-12 00:04:03.647000,13784.591,13781.597,750,16
2021-04-12 00:04:03.697000,13784.401,13781.189,750,750
2021-04-12 00:04:03.807000,13784.613,13781.679,750,34
2021-04-12 00:04:03.857000,13784.901,13781.609,750,750
2021-04-12 00:04:04.934000,13785.113,13782.389,750,34
2021-04-12 00:04:04.985000,13785.621,13782.189,750,750
2021-04-12 00:04:05.096000,13785.461,13782.177,750,740
2021-04-12 00:04:05.147000,13785.471,13781.929,750,750
2021-04-12 00:04:06.991000,13785.191,13781.649,750,750
2021-04-12 00:04:07.310000,13785.163,13782.159,750,34
2021-04-12 00:04:07.360000,13785.611,13782.199,750,750
2021-04-12 00:04:07.536000,13785.481,13782.397,750,16
2021-04-12 00:04:07.586000,13785.391,13781.909,750,750
2021-04-12 00:04:07.698000,13785.473,13782.199,750,34
2021-04-12 00:04:07.748000,13785.591,13782.159,750,750
2021-04-12 00:04:08.356000,13785.623,13782.469,750,34
2021-04-12 00:04:08.406000,13785.911,13782.459,750,750
2021-04-12 00:04:09.353000,13785.973,13783.149,750,34
2021-04-12 00:04:09.404000,13786.601,13783.219,750,750
2021-04-12 00:04:09.514000,13786.663,13783.439,750,34
2021-04-12 00:04:09.565000,13786.901,13783.469,750,750
2021-04-12 00:04:10.386000,13786.401,13783.487,750,16
2021-04-12 00:04:10.436000,13786.601,13783.179,750,750
2021-04-12 00:04:11.014000,13786.663,13783.309,750,750
2021-04-12 00:04:11.064000,13786.501,13783.229,750,750
2021-04-12 00:04:12.905000,13786.241,13783.307,750,16
2021-04-12 00:04:12.955000,13786.251,13782.779,750,750
2021-04-12 00:04:13.058000,13786.223,13782.949,750,750
2021-04-12 00:04:13.108000,13786.441,13782.919,750,750
2021-04-12 00:04:13.219000,13786.413,13783.129,750,750
2021-04-12 00:04:13.269000,13786.651,13783.179,750,750
2021-04-12 00:04:13.378000,13786.603,13783.499,750,34
2021-04-12 00:04:13.428000,13786.741,13783.299,750,750
2021-04-12 00:04:14.022000,13786.691,13783.357,750,740
2021-04-12 00:04:14.073000,13786.851,13783.369,750,750
2021-04-12 00:04:14.178000,13786.691,13783.587,750,16
2021-04-12 00:04:14.228000,13786.611,13783.199,750,750
2021-04-12 00:04:14.338000,13786.461,13783.187,750,740
2021-04-12 00:04:14.389000,13786.451,13782.949,750,750
2021-04-12 00:04:14.498000,13786.221,13782.917,750,740
2021-04-12 00:04:14.548000,13786.231,13782.789,750,750
2021-04-12 00:04:14.818000,13786.141,13782.747,750,740
2021-04-12 00:04:14.868000,13786.171,13782.669,750,750
2021-04-12 00:04:15.355000,13785.701,13782.897,750,16
2021-04-12 00:04:15.406000,13785.701,13782.489,750,750
2021-04-12 00:04:15.689000,13785.861,13782.447,750,740
2021-04-12 00:04:15.739000,13785.841,13782.379,750,750
2021-04-12 00:04:16.644000,13785.771,13782.407,750,740
2021-04-12 00:04:16.694000,13785.701,13782.309,750,750
2021-04-12 00:04:17.154000,13785.291,13782.307,750,16
2021-04-12 00:04:17.204000,13785.301,13781.839,750,750
2021-04-12 00:04:17.314000,13784.801,13781.897,750,16
2021-04-12 00:04:17.364000,13784.881,13781.339,750,750
2021-04-12 00:04:19.591000,13784.681,13781.407,750,16
2021-04-12 00:04:19.641000,13784.641,13781.199,750,750
2021-04-12 00:04:19.913000,13784.683,13781.409,750,34
2021-04-12 00:04:19.963000,13784.801,13781.369,750,750
2021-04-12 00:04:20.705000,13784.813,13782.139,750,34
2021-04-12 00:04:20.755000,13785.651,13782.209,750,750
2021-04-12 00:04:20.864000,13785.593,13782.339,750,750
2021-04-12 00:04:20.914000,13785.861,13782.389,750,750
2021-04-12 00:04:21.231000,13785.833,13782.689,750,34
2021-04-12 00:04:21.281000,13785.931,13782.409,750,750
2021-04-12 00:04:21.667000,13785.923,13782.709,750,34
2021-04-12 00:04:21.717000,13786.181,13782.669,750,750
2021-04-12 00:04:21.826000,13785.913,13782.769,750,750
2021-04-12 00:04:21.877000,13786.221,13782.769,750,750
2021-04-12 00:04:22.146000,13785.921,13782.997,750,16
2021-04-12 00:04:22.197000,13785.981,13782.429,750,750
2021-04-12 00:04:22.307000,13785.953,13782.739,750,34
2021-04-12 00:04:22.357000,13786.231,13782.739,750,750
2021-04-12 00:04:22.469000,13785.931,13782.767,750,16
2021-04-12 00:04:22.519000,13785.931,13782.439,750,750
2021-04-12 00:04:22.803000,13785.831,13782.697,750,16
2021-04-12 00:04:22.853000,13785.601,13782.359,750,750
2021-04-12 00:04:25.127000,13785.611,13782.327,750,740
2021-04-12 00:04:25.177000,13785.631,13782.219,750,750
2021-04-12 00:04:25.768000,13785.603,13782.489,750,34
2021-04-12 00:04:25.818000,13785.741,13782.299,750,750
2021-04-12 00:04:25.919000,13785.683,13782.409,750,750
2021-04-12 00:04:25.969000,13785.891,13782.389,750,750
2021-04-12 00:04:26.820000,13785.731,13782.367,750,740
2021-04-12 00:04:26.870000,13785.711,13782.249,750,750
2021-04-12 00:04:27.488000,13785.763,13782.349,750,750
2021-04-12 00:04:27.539000,13785.791,13782.399,750,750
2021-04-12 00:04:27.649000,13785.863,13782.469,750,750
2021-04-12 00:04:27.699000,13785.931,13782.469,750,750
2021-04-12 00:04:31.518000,13785.933,13782.669,750,750
2021-04-12 00:04:31.568000,13786.181,13782.699,750,750
2021-04-12 00:04:31.678000,13785.421,13782.647,750,16
2021-04-12 00:04:31.729000,13785.411,13781.969,750,750
2021-04-12 00:04:31.839000,13785.453,13782.209,750,34
2021-04-12 00:04:31.889000,13785.631,13782.129,750,750
2021-04-12 00:04:32.394000,13785.623,13782.659,750,34
2021-04-12 00:04:32.445000,13786.101,13782.639,750,750
2021-04-12 00:04:33.404000,13785.971,13782.627,750,740
2021-04-12 00:04:33.454000,13785.961,13782.439,750,750
2021-04-12 00:04:33.917000,13785.973,13782.689,750,750
2021-04-12 00:04:33.968000,13786.141,13782.669,750,750
2021-04-12 00:04:34.917000,13786.193,13782.879,750,750
2021-04-12 00:04:34.968000,13786.321,13782.879,750,750
2021-04-12 00:04:35.880000,13786.303,13782.929,750,750
2021-04-12 00:04:35.931000,13786.411,13782.919,750,750
2021-04-12 00:04:36.039000,13786.463,13783.179,750,750
2021-04-12 00:04:36.090000,13786.601,13783.179,750,750
2021-04-12 00:04:36.200000,13786.371,13783.137,750,16
2021-04-12 00:04:36.250000,13786.301,13782.879,750,750
2021-04-12 00:04:36.692000,13786.373,13783.209,750,34
2021-04-12 00:04:36.743000,13786.621,13783.129,750,750
2021-04-12 00:04:36.862000,13786.663,13783.599,750,34
2021-04-12 00:04:36.913000,13786.801,13783.369,750,750
2021-04-12 00:04:37.432000,13786.441,13783.357,750,16
2021-04-12 00:04:37.482000,13786.491,13782.999,750,750
2021-04-12 00:04:37.592000,13786.301,13783.007,750,740
2021-04-12 00:04:37.643000,13786.301,13782.849,750,750
2021-04-12 00:04:37.831000,13786.131,13782.877,750,740
2021-04-12 00:04:37.881000,13786.081,13782.679,750,750
2021-04-12 00:04:38.796000,13785.881,13782.667,750,16
2021-04-12 00:04:38.846000,13785.841,13782.339,750,750
2021-04-12 00:04:39.277000,13785.863,13782.659,750,34
2021-04-12 00:04:39.327000,13785.911,13782.719,750,750
2021-04-12 00:04:39.443000,13785.981,13782.687,750,740
2021-04-12 00:04:39.493000,13785.711,13782.519,750,750
2021-04-12 00:04:39.597000,13785.903,13783.229,750,34
2021-04-12 00:04:39.648000,13786.691,13783.239,750,750
2021-04-12 00:04:40.248000,13786.723,13783.319,750,750
2021-04-12 00:04:40.299000,13786.851,13783.339,750,750
2021-04-12 00:04:40.570000,13786.843,13783.669,750,34
2021-04-12 00:04:40.620000,13786.901,13783.669,750,750
2021-04-12 00:04:40.919000,13787.183,13784.319,750,34
2021-04-12 00:04:40.969000,13787.511,13784.269,750,750
2021-04-12 00:04:41.326000,13787.621,13784.247,750,740
2021-04-12 00:04:41.376000,13787.681,13784.219,750,750
2021-04-12 00:04:42.021000,13787.321,13784.397,750,16
2021-04-12 00:04:42.071000,13787.361,13784.099,750,750
2021-04-12 00:04:42.181000,13787.363,13783.959,750,750
2021-04-12 00:04:42.231000,13787.451,13784.009,750,750
2021-04-12 00:04:42.341000,13787.383,13784.149,750,750
2021-04-12 00:04:42.391000,13787.671,13784.149,750,750
2021-04-12 00:04:43.221000,13787.603,13784.239,750,750
2021-04-12 00:04:43.271000,13787.691,13784.239,750,750
2021-04-12 00:04:43.380000,13787.291,13784.287,750,16
2021-04-12 00:04:43.431000,13787.331,13783.879,750,750
2021-04-12 00:04:43.895000,13786.591,13783.857,750,16
2021-04-12 00:04:43.946000,13786.691,13783.189,750,750
2021-04-12 00:04:44.054000,13786.101,13783.137,750,16
2021-04-12 00:04:44.105000,13786.291,13783.089,750,750
2021-04-12 00:04:45.139000,13786.383,13783.199,750,34
2021-04-12 00:04:45.190000,13786.601,13783.169,750,750
2021-04-12 00:04:45.298000,13786.461,13783.207,750,16
2021-04-12 00:04:45.348000,13786.381,13782.979,750,750
2021-04-12 00:04:45.458000,13786.433,13783.219,750,34
2021-04-12 00:04:45.509000,13786.611,13783.219,750,750
2021-04-12 00:04:46.142000,13786.673,13783.429,750,34
2021-04-12 00:04:46.192000,13786.701,13783.449,750,750
2021-04-12 00:04:46.301000,13786.913,13783.819,750,34
2021-04-12 00:04:46.351000,13787.351,13783.829,750,750
2021-04-12 00:04:46.627000,13787.313,13784.169,750,34
2021-04-12 00:04:46.677000,13787.631,13784.139,750,750
2021-04-12 00:04:46.781000,13787.011,13784.197,750,16
2021-04-12 00:04:46.831000,13787.211,13783.799,750,750
2021-04-12 00:04:48.330000,13787.193,13783.899,750,750
2021-04-12 00:04:48.381000,13787.331,13783.909,750,750
2021-04-12 00:04:49.004000,13786.871,13783.837,750,16
2021-04-12 00:04:49.054000,13786.851,13783.399,750,750
2021-04-12 00:04:49.164000,13786.863,13783.829,750,34
2021-04-12 00:04:49.214000,13787.381,13783.859,750,750
2021-04-12 00:04:49.502000,13787.353,13784.179,750,34
2021-04-12 00:04:49.553000,13787.681,13784.159,750,750
2021-04-12 00:04:49.834000,13787.613,13784.709,750,34
2021-04-12 00:04:49.884000,13788.171,13784.629,750,750
2021-04-12 00:04:50.002000,13787.711,13784.617,750,16
2021-04-12 00:04:50.052000,13787.691,13784.319,750,750
2021-04-12 00:04:50.315000,13787.733,13784.469,750,750
2021-04-12 00:04:50.365000,13787.901,13784.439,750,750
2021-04-12 00:04:51.025000,13787.893,13784.809,750,34
2021-04-12 00:04:51.075000,13788.261,13784.749,750,750
2021-04-12 00:04:51.182000,13787.881,13784.767,750,16
2021-04-12 00:04:51.233000,13787.701,13784.449,750,750
2021-04-12 00:04:51.349000,13787.973,13784.629,750,750
2021-04-12 00:04:51.399000,13788.171,13784.629,750,750
2021-04-12 00:04:51.502000,13788.193,13784.759,750,750
2021-04-12 00:04:51.552000,13788.201,13784.749,750,750
2021-04-12 00:04:51.826000,13787.951,13784.787,750,16
2021-04-12 00:04:51.876000,13787.941,13784.479,750,750
2021-04-12 00:04:52.101000,13787.831,13784.477,750,740
2021-04-12 00:04:52.151000,13787.861,13784.309,750,750
2021-04-12 00:04:52.261000,13787.631,13784.337,750,740
2021-04-12 00:04:52.311000,13787.641,13784.159,750,750
2021-04-12 00:04:52.742000,13787.673,13784.229,750,750
2021-04-12 00:04:52.792000,13787.781,13784.489,750,750
2021-04-12 00:04:52.902000,13787.713,13784.499,750,34
2021-04-12 00:04:52.953000,13787.941,13784.469,750,750
2021-04-12 00:04:53.063000,13787.741,13784.487,750,740
2021-04-12 00:04:53.113000,13787.731,13784.279,750,750
2021-04-12 00:04:53.384000,13787.681,13784.267,750,740
2021-04-12 00:04:53.434000,13787.671,13784.179,750,750
2021-04-12 00:04:53.705000,13787.673,13784.289,750,750
2021-04-12 00:04:53.755000,13787.771,13784.309,750,750
2021-04-12 00:04:54.077000,13787.611,13784.247,750,740
2021-04-12 00:04:54.127000,13787.631,13784.399,750,750
2021-04-12 00:04:54.334000,13787.603,13784.379,750,750
2021-04-12 00:04:54.385000,13787.841,13784.329,750,750
2021-04-12 00:04:54.687000,13787.701,13784.327,750,740
2021-04-12 00:04:54.737000,13787.731,13784.229,750,750
2021-04-12 00:04:55.008000,13787.763,13784.369,750,750
2021-04-12 00:04:55.061000,13787.801,13784.399,750,750
2021-04-12 00:04:55.167000,13787.741,13784.337,750,740
2021-04-12 00:04:55.218000,13787.691,13784.289,750,750
2021-04-12 00:04:55.487000,13787.621,13784.277,750,740
2021-04-12 00:04:55.537000,13787.681,13784.199,750,750
2021-04-12 00:04:55.892000,13787.461,13784.117,750,740
2021-04-12 00:04:55.943000,13787.421,13783.939,750,750
2021-04-12 00:04:56.052000,13787.301,13783.937,750,740
2021-04-12 00:04:56.102000,13787.341,13783.899,750,750
2021-04-12 00:04:56.226000,13787.281,13783.847,750,740
2021-04-12 00:04:56.276000,13787.001,13783.779,750,750
2021-04-12 00:04:56.387000,13787.101,13783.727,750,740
2021-04-12 00:04:56.437000,13787.111,13783.709,750,750
2021-04-12 00:04:56.547000,13787.163,13784.199,750,34
2021-04-12 00:04:56.597000,13787.481,13783.999,750,750
2021-04-12 00:04:56.867000,13787.393,13784.209,750,34
2021-04-12 00:04:56.918000,13787.591,13784.139,750,750
2021-04-12 00:04:57.838000,13787.341,13784.127,750,16
2021-04-12 00:04:57.888000,13787.371,13784.089,750,750
2021-04-12 00:04:57.996000,13787.343,13784.399,750,34
2021-04-12 00:04:58.047000,13787.631,13784.189,750,750
2021-04-12 00:04:58.157000,13787.201,13784.157,750,740
2021-04-12 00:04:58.207000,13787.471,13783.959,750,750
2021-04-12 00:04:58.318000,13787.301,13783.967,750,740
2021-04-12 00:04:58.369000,13787.311,13783.879,750,750
2021-04-12 00:04:59.652000,13787.303,13784.449,750,34
2021-04-12 00:04:59.702000,13787.921,13784.509,750,750
2021-04-12 00:04:59.820000,13787.671,13784.487,750,16
2021-04-12 00:04:59.871000,13787.671,13784.209,750,750
2021-04-12 00:05:00.050000,13787.593,13784.319,750,750
2021-04-12 00:05:00.100000,13787.871,13784.359,750,750
2021-04-12 00:05:00.753000,13787.641,13784.407,750,16
2021-04-12 00:05:00.804000,13787.661,13784.129,750,750
2021-04-12 00:05:00.914000,13787.633,13784.289,750,750
2021-04-12 00:05:00.965000,13787.721,13784.239,750,750
2021-04-12 00:05:01.087000,13787.851,13784.399,750,750
2021-04-12 00:05:01.519000,13787.581,13784.397,750,740
2021-04-12 00:05:01.570000,13787.631,13784.119,750,750
2021-04-12 00:05:01.929000,13787.401,13784.167,750,740
2021-04-12 00:05:01.979000,13787.461,13783.989,750,750
2021-04-12 00:05:02.409000,13787.473,13784.139,750,750
2021-04-12 00:05:02.459000,13787.661,13784.119,750,750
2021-04-12 00:05:02.882000,13787.461,13784.157,750,740
2021-04-12 00:05:02.932000,13787.401,13783.989,750,750
2021-04-12 00:05:03.042000,13787.473,13784.229,750,34
2021-04-12 00:05:03.095000,13787.691,13784.249,750,750
2021-04-12 00:05:03.434000,13787.763,13784.499,750,750
2021-04-12 00:05:03.485000,13787.901,13784.439,750,750
2021-04-12 00:05:03.710000,13787.881,13784.487,750,740
2021-04-12 00:05:03.760000,13787.831,13784.319,750,750
2021-04-12 00:05:04.033000,13787.681,13784.337,750,740
2021-04-12 00:05:04.083000,13787.401,13784.139,750,750
2021-04-12 00:05:04.428000,13787.673,13784.249,750,750
2021-04-12 00:05:04.478000,13787.751,13784.289,750,750
2021-04-12 00:05:04.961000,13787.713,13784.409,750,750
2021-04-12 00:05:05.011000,13787.791,13784.379,750,750
2021-04-12 00:05:05.121000,13787.781,13784.347,750,740
2021-04-12 00:05:05.171000,13787.711,13784.219,750,750
2021-04-12 00:05:05.335000,13787.703,13784.439,750,750
2021-04-12 00:05:05.385000,13787.921,13784.499,750,750
2021-04-12 00:05:06.159000,13787.881,13784.467,750,740
2021-04-12 00:05:06.209000,13787.781,13784.339,750,750
2021-04-12 00:05:06.681000,13787.873,13785.169,750,34
2021-04-12 00:05:06.732000,13788.651,13785.179,750,750
2021-04-12 00:05:06.842000,13788.411,13785.157,750,740
2021-04-12 00:05:06.892000,13788.211,13784.959,750,750
2021-04-12 00:05:07.002000,13788.423,13785.119,750,750
2021-04-12 00:05:07.053000,13788.631,13785.139,750,750
2021-04-12 00:05:08.641000,13788.593,13785.589,750,34
2021-04-12 00:05:08.691000,13788.861,13785.339,750,750
2021-04-12 00:05:08.799000,13788.331,13785.337,750,16
2021-04-12 00:05:08.849000,13788.351,13784.859,750,750
2021-04-12 00:05:09.313000,13788.333,13784.979,750,750
2021-04-12 00:05:09.364000,13788.471,13784.989,750,750
2021-04-12 00:05:09.472000,13788.453,13785.169,750,750
2021-04-12 00:05:09.523000,13788.661,13785.179,750,750
2021-04-12 00:05:09.768000,13788.633,13785.449,750,34
2021-04-12 00:05:09.819000,13788.901,13785.419,750,750
2021-04-12 00:05:09.927000,13788.963,13785.909,750,34
2021-04-12 00:05:09.977000,13789.471,13785.969,750,750
2021-04-12 00:05:11.225000,13789.463,13786.129,750,750
2021-04-12 00:05:11.275000,13789.681,13786.149,750,750
2021-04-12 00:05:12.325000,13789.413,13786.219,750,750
2021-04-12 00:05:12.375000,13789.731,13786.229,750,750
2021-04-12 00:05:14.477000,13789.703,13786.839,750,34
2021-04-12 00:05:14.528000,13790.301,13786.839,750,750
2021-04-12 00:05:15.156000,13790.363,13786.999,750,750
2021-04-12 00:05:15.207000,13790.461,13786.969,750,750
2021-04-12 00:05:15.476000,13790.423,13787.349,750,34
2021-04-12 00:05:15.526000,13790.601,13787.359,750,750
2021-04-12 00:05:15.635000,13790.793,13787.409,750,750
2021-04-12 00:05:15.685000,13790.971,13787.409,750,750
2021-04-12 00:05:15.796000,13790.883,13787.909,750,34
2021-04-12 00:05:15.847000,13791.321,13787.879,750,750
2021-04-12 00:05:15.958000,13791.283,13788.019,750,750
2021-04-12 00:05:16.008000,13791.381,13788.019,750,750
2021-04-12 00:05:16.117000,13791.241,13787.957,750,740
2021-04-12 00:05:16.167000,13791.241,13787.719,750,750
2021-04-12 00:05:16.276000,13790.831,13787.767,750,16
2021-04-12 00:05:16.327000,13790.781,13787.329,750,750
2021-04-12 00:05:16.555000,13790.813,13787.459,750,750
2021-04-12 00:05:16.605000,13790.891,13787.489,750,750
2021-04-12 00:05:16.716000,13790.953,13787.649,750,750
2021-04-12 00:05:16.766000,13791.171,13787.689,750,750
2021-04-12 00:05:16.876000,13791.103,13787.839,750,750
2021-04-12 00:05:16.927000,13791.381,13787.859,750,750
2021-04-12 00:05:17.039000,13791.151,13787.857,750,740
2021-04-12 00:05:17.089000,13791.181,13787.669,750,750
2021-04-12 00:05:17.196000,13791.193,13787.769,750,750
2021-04-12 00:05:17.246000,13791.231,13787.809,750,750
2021-04-12 00:05:17.357000,13791.223,13787.879,750,750
2021-04-12 00:05:17.407000,13791.101,13787.839,750,750
2021-04-12 00:05:17.515000,13791.313,13787.969,750,750
2021-04-12 00:05:17.566000,13791.441,13787.989,750,750
2021-04-12 00:05:17.677000,13791.351,13787.987,750,740
2021-04-12 00:05:17.727000,13791.341,13787.889,750,750
2021-04-12 00:05:17.837000,13791.303,13788.189,750,34
2021-04-12 00:05:17.888000,13791.471,13787.909,750,750
2021-04-12 00:05:18.156000,13791.291,13787.977,750,740
2021-04-12 00:05:18.206000,13791.341,13787.919,750,750
2021-04-12 00:05:18.318000,13791.393,13787.989,750,750
2021-04-12 00:05:18.368000,13791.451,13787.919,750,750
2021-04-12 00:05:18.477000,13791.383,13788.139,750,750
2021-04-12 00:05:18.528000,13791.681,13788.109,750,750
2021-04-12 00:05:18.639000,13791.201,13788.157,750,740
2021-04-12 00:05:18.689000,13791.381,13787.929,750,750
2021-04-12 00:05:18.843000,13791.311,13787.917,750,740
2021-04-12 00:05:18.893000,13791.291,13788.089,750,750
2021-04-12 00:05:19.002000,13791.101,13788.087,750,16
2021-04-12 00:05:19.053000,13791.091,13787.649,750,750
2021-04-12 00:05:19.162000,13790.913,13787.759,750,750
2021-04-12 00:05:19.212000,13791.191,13787.749,750,750
2021-04-12 00:05:19.322000,13790.601,13787.717,750,16
2021-04-12 00:05:19.373000,13790.841,13787.349,750,750
2021-04-12 00:05:19.957000,13790.741,13787.367,750,740
2021-04-12 00:05:20.007000,13790.721,13787.229,750,750
2021-04-12 00:05:20.118000,13790.311,13787.487,750,16
2021-04-12 00:05:20.169000,13790.291,13786.829,750,750
2021-04-12 00:05:21.551000,13790.283,13787.269,750,34
2021-04-12 00:05:21.602000,13790.721,13787.499,750,750
2021-04-12 00:05:22.485000,13790.581,13787.237,750,740
2021-04-12 00:05:22.535000,13790.581,13787.119,750,750
2021-04-12 00:05:22.645000,13790.291,13787.157,750,16
2021-04-12 00:05:22.695000,13790.371,13786.829,750,750
2021-04-12 00:05:22.804000,13790.323,13787.229,750,34
2021-04-12 00:05:22.854000,13790.731,13787.279,750,750
2021-04-12 00:05:22.965000,13790.753,13787.599,750,34
2021-04-12 00:05:23.015000,13790.801,13787.319,750,750
2021-04-12 00:05:23.760000,13790.731,13787.387,750,740
2021-04-12 00:05:23.811000,13790.721,13787.219,750,750
2021-04-12 00:05:23.921000,13790.743,13787.379,750,750
2021-04-12 00:05:23.971000,13790.821,13787.329,750,750
2021-04-12 00:05:24.240000,13790.681,13787.357,750,740
2021-04-12 00:05:24.291000,13790.721,13787.269,750,750
2021-04-12 00:05:24.400000,13790.763,13787.689,750,34
2021-04-12 00:05:24.451000,13790.991,13787.429,750,750
2021-04-12 00:05:25.218000,13790.611,13787.457,750,16
2021-04-12 00:05:25.268000,13790.611,13787.129,750,750
2021-04-12 00:05:27.089000,13790.683,13787.499,750,34
2021-04-12 00:05:27.139000,13790.681,13787.249,750,750
2021-04-12 00:05:27.417000,13790.773,13787.399,750,750
2021-04-12 00:05:27.467000,13790.831,13787.349,750,750
2021-04-12 00:05:28.130000,13790.823,13788.349,750,34
2021-04-12 00:05:28.181000,13791.861,13788.369,750,750
2021-04-12 00:05:30.307000,13791.761,13788.367,750,740
2021-04-12 00:05:30.357000,13791.751,13788.209,750,750
2021-04-12 00:05:31.492000,13791.723,13788.489,750,750
2021-04-12 00:05:31.542000,13791.981,13788.459,750,750
2021-04-12 00:05:32.024000,13791.711,13788.467,750,740
2021-04-12 00:05:32.074000,13791.691,13788.239,750,750
2021-04-12 00:05:32.184000,13791.753,13788.489,750,750
2021-04-12 00:05:32.234000,13791.941,13788.449,750,750
2021-04-12 00:05:32.674000,13791.871,13788.477,750,740
2021-04-12 00:05:32.724000,13791.811,13788.349,750,750
2021-04-12 00:05:32.834000,13791.681,13788.337,750,740
2021-04-12 00:05:32.884000,13791.771,13788.489,750,750
2021-04-12 00:05:33.775000,13791.733,13788.369,750,750
2021-04-12 00:05:33.826000,13791.841,13788.319,750,750
2021-04-12 00:05:34.095000,13791.751,13788.417,750,740
2021-04-12 00:05:34.145000,13791.741,13788.499,750,750
2021-04-12 00:05:34.636000,13791.671,13788.227,750,740
2021-04-12 00:05:34.687000,13791.641,13788.209,750,750
2021-04-12 00:05:34.957000,13791.643,13788.259,750,750
2021-04-12 00:05:35.007000,13791.781,13788.209,750,750
2021-04-12 00:05:35.331000,13791.651,13788.267,750,740
2021-04-12 00:05:35.381000,13791.671,13788.209,750,750
2021-04-12 00:05:35.802000,13791.371,13788.397,750,16
2021-04-12 00:05:35.852000,13791.391,13788.089,750,750
2021-04-12 00:05:36.847000,13791.091,13787.907,750,16
2021-04-12 00:05:36.897000,13791.171,13787.629,750,750
2021-04-12 00:05:37.550000,13790.801,13787.707,750,16
2021-04-12 00:05:37.600000,13790.611,13787.329,750,750
2021-04-12 00:05:37.710000,13790.581,13787.377,750,740
2021-04-12 00:05:37.761000,13790.661,13787.179,750,750
2021-04-12 00:05:38.032000,13790.401,13787.187,750,740
2021-04-12 00:05:38.082000,13790.481,13786.979,750,750
2021-04-12 00:05:39.567000,13790.453,13787.269,750,34
2021-04-12 00:05:39.617000,13790.721,13787.269,750,750
2021-04-12 00:05:39.727000,13790.641,13787.287,750,740
2021-04-12 00:05:39.778000,13790.601,13787.159,750,750
2021-04-12 00:05:40.207000,13790.403,13787.369,750,750
2021-04-12 00:05:40.258000,13790.871,13787.589,750,750
2021-04-12 00:05:40.368000,13790.813,13787.499,750,750
2021-04-12 00:05:40.418000,13790.911,13787.489,750,750
2021-04-12 00:05:40.536000,13790.601,13787.487,750,740
2021-04-12 00:05:40.586000,13790.811,13787.349,750,750
2021-04-12 00:05:42.275000,13790.511,13787.367,750,740
2021-04-12 00:05:42.325000,13790.731,13787.279,750,750
2021-04-12 00:05:42.595000,13790.651,13787.237,750,740
2021-04-12 00:05:42.646000,13790.631,13787.209,750,750
2021-04-12 00:05:45.310000,13790.211,13787.147,750,16
2021-04-12 00:05:45.360000,13790.251,13786.989,750,750
2021-04-12 00:05:45.468000,13790.203,13786.849,750,750
2021-04-12 00:05:45.518000,13790.281,13786.859,750,750
2021-04-12 00:05:46.039000,13790.353,13787.399,750,34
2021-04-12 00:05:46.090000,13790.611,13787.219,750,750
2021-04-12 00:05:46.358000,13790.281,13787.137,750,16
2021-04-12 00:05:46.409000,13790.371,13786.879,750,750
2021-04-12 00:05:46.992000,13790.363,13786.949,750,750
2021-04-12 00:05:47.042000,13790.411,13786.929,750,750
2021-04-12 00:05:47.171000,13790.403,13787.129,750,750
2021-04-12 00:05:47.221000,13790.621,13787.139,750,750
2021-04-12 00:05:50.429000,13790.431,13787.177,750,740
2021-04-12 00:05:50.480000,13790.211,13786.999,750,750
2021-04-12 00:05:50.589000,13790.413,13787.189,750,750
2021-04-12 00:05:50.639000,13790.611,13787.159,750,750
2021-04-12 00:05:51.098000,13790.381,13787.137,750,740
2021-04-12 00:05:51.149000,13790.471,13786.999,750,750
2021-04-12 00:05:51.578000,13790.391,13787.017,750,740
2021-04-12 00:05:51.629000,13790.111,13786.839,750,750
2021-04-12 00:05:51.737000,13790.271,13786.807,750,740
2021-04-12 00:05:51.788000,13790.011,13786.779,750,750
2021-04-12 00:05:53.549000,13789.801,13786.757,750,16
2021-04-12 00:05:53.599000,13789.851,13786.369,750,750
2021-04-12 00:05:54.882000,13789.481,13786.587,750,16
2021-04-12 00:05:54.932000,13789.431,13785.939,750,750
2021-04-12 00:05:55.042000,13789.101,13785.997,750,16
2021-04-12 00:05:55.092000,13789.121,13785.619,750,750
2021-04-12 00:05:55.989000,13788.801,13785.887,750,16
2021-04-12 00:05:56.039000,13788.791,13785.389,750,750
2021-04-12 00:05:56.627000,13788.641,13785.367,750,740
2021-04-12 00:05:56.677000,13788.651,13785.139,750,750
2021-04-12 00:05:57.128000,13788.683,13785.219,750,750
2021-04-12 00:05:57.178000,13788.771,13785.219,750,750
2021-04-12 00:05:57.446000,13788.783,13785.669,750,34
2021-04-12 00:05:57.496000,13789.181,13785.689,750,750
2021-04-12 00:05:58.203000,13789.113,13785.829,750,750
2021-04-12 00:05:58.254000,13789.371,13785.839,750,750
2021-04-12 00:05:58.364000,13789.221,13785.817,750,740
2021-04-12 00:05:58.414000,13789.221,13785.719,750,750
2021-04-12 00:06:00.415000,13789.171,13785.727,750,740
2021-04-12 00:06:00.466000,13788.901,13785.639,750,750
2021-04-12 00:06:00.574000,13788.891,13785.647,750,740
2021-04-12 00:06:00.625000,13788.941,13785.449,750,750
2021-04-12 00:06:00.897000,13788.983,13786.089,750,34
2021-04-12 00:06:00.948000,13789.351,13785.859,750,750
2021-04-12 00:06:02.322000,13789.281,13785.857,750,740
2021-04-12 00:06:02.372000,13789.271,13785.739,750,750
2021-04-12 00:06:02.480000,13788.801,13785.807,750,16
2021-04-12 00:06:02.531000,13788.861,13785.349,750,750
2021-04-12 00:06:02.641000,13788.853,13785.799,750,34
2021-04-12 00:06:02.692000,13789.251,13785.809,750,750
2021-04-12 00:06:02.961000,13789.243,13786.499,750,34
2021-04-12 00:06:03.011000,13789.721,13786.229,750,750
2021-04-12 00:06:03.121000,13789.753,13786.349,750,750
2021-04-12 00:06:03.172000,13789.831,13786.379,750,750
2021-04-12 00:06:03.626000,13789.813,13786.889,750,34
2021-04-12 00:06:03.676000,13790.311,13786.879,750,750
2021-04-12 00:06:03.784000,13790.363,13787.159,750,34
2021-04-12 00:06:03.834000,13790.411,13787.169,750,750
2021-04-12 00:06:04.104000,13790.683,13787.229,750,750
2021-04-12 00:06:04.154000,13790.781,13787.219,750,750
2021-04-12 00:06:04.264000,13790.661,13787.277,750,740
2021-04-12 00:06:04.314000,13790.641,13787.399,750,750
2021-04-12 00:06:04.899000,13790.673,13787.239,750,750
2021-04-12 00:06:04.949000,13790.741,13787.219,750,750
2021-04-12 00:06:06.319000,13790.671,13787.217,750,740
2021-04-12 00:06:06.369000,13790.691,13787.159,750,750
2021-04-12 00:06:06.479000,13790.381,13787.187,750,740
2021-04-12 00:06:06.529000,13790.481,13786.969,750,750
2021-04-12 00:06:06.638000,13790.311,13787.197,750,16
2021-04-12 00:06:06.688000,13790.381,13786.909,750,750
2021-04-12 00:06:08.437000,13790.221,13786.877,750,740
2021-04-12 00:06:08.487000,13790.221,13786.989,750,750
2021-04-12 00:06:08.871000,13790.191,13786.767,750,740
2021-04-12 00:06:08.921000,13790.171,13786.669,750,750
2021-04-12 00:06:09.032000,13789.951,13786.697,750,740
2021-04-12 00:06:09.082000,13789.901,13786.499,750,750
2021-04-12 00:06:09.193000,13789.771,13786.447,750,740
2021-04-12 00:06:09.243000,13789.721,13786.269,750,750
2021-04-12 00:06:09.521000,13789.783,13786.409,750,750
2021-04-12 00:06:09.571000,13789.981,13786.499,750,750
2021-04-12 00:06:10.735000,13789.963,13786.629,750,750
2021-04-12 00:06:10.785000,13790.151,13786.609,750,750
2021-04-12 00:06:10.896000,13789.901,13786.677,750,740
2021-04-12 00:06:10.946000,13789.931,13786.449,750,750
2021-04-12 00:06:11.225000,13789.861,13786.427,750,740
2021-04-12 00:06:11.275000,13789.871,13786.319,750,750
2021-04-12 00:06:11.386000,13789.893,13786.799,750,34
2021-04-12 00:06:11.436000,13790.251,13786.749,750,750
2021-04-12 00:06:11.544000,13790.253,13786.959,750,750
2021-04-12 00:06:11.595000,13790.431,13786.949,750,750
2021-04-12 00:06:11.704000,13790.483,13787.149,750,750
2021-04-12 00:06:11.755000,13790.591,13787.139,750,750
2021-04-12 00:06:12.469000,13790.673,13787.289,750,750
2021-04-12 00:06:12.519000,13790.761,13787.259,750,750
2021-04-12 00:06:15.189000,13790.611,13787.227,750,740
2021-04-12 00:06:15.239000,13790.611,13787.159,750,750
2021-04-12 00:06:16.117000,13790.201,13787.157,750,740
2021-04-12 00:06:16.168000,13790.481,13787.009,750,750
2021-04-12 00:06:16.271000,13790.201,13786.957,750,740
2021-04-12 00:06:16.321000,13790.191,13786.759,750,750
2021-04-12 00:06:17.114000,13790.191,13786.737,750,740
2021-04-12 00:06:17.165000,13790.151,13786.699,750,750
2021-04-12 00:06:17.272000,13789.871,13786.657,750,16
2021-04-12 00:06:17.322000,13789.801,13786.339,750,750
2021-04-12 00:06:18.877000,13789.883,13786.689,750,34
2021-04-12 00:06:18.927000,13789.981,13786.689,750,750
2021-04-12 00:06:19.037000,13789.983,13786.689,750,750
2021-04-12 00:06:19.087000,13789.901,13786.699,750,750
2021-04-12 00:06:19.784000,13790.173,13786.769,750,750
2021-04-12 00:06:19.834000,13790.281,13786.709,750,750
2021-04-12 00:06:20.588000,13790.233,13786.849,750,750
2021-04-12 00:06:20.638000,13790.341,13786.859,750,750
2021-04-12 00:06:21.010000,13790.103,13787.159,750,34
2021-04-12 00:06:21.060000,13790.611,13787.179,750,750
2021-04-12 00:06:21.177000,13790.401,13787.217,750,16
2021-04-12 00:06:21.227000,13790.211,13786.929,750,750
2021-04-12 00:06:21.649000,13790.331,13786.907,750,740
2021-04-12 00:06:21.699000,13790.371,13786.919,750,750
2021-04-12 00:06:24.128000,13790.181,13786.907,750,740
2021-04-12 00:06:24.179000,13790.281,13786.729,750,750
2021-04-12 00:06:25.225000,13790.183,13786.819,750,750
2021-04-12 00:06:25.275000,13790.111,13786.819,750,750
2021-04-12 00:06:25.402000,13790.113,13787.259,750,34
2021-04-12 00:06:25.453000,13790.711,13787.299,750,750
2021-04-12 00:06:25.564000,13790.503,13787.429,750,750
2021-04-12 00:06:25.614000,13790.951,13787.509,750,750
2021-04-12 00:06:27.563000,13790.963,13787.619,750,750
2021-04-12 00:06:27.614000,13791.091,13787.649,750,750
2021-04-12 00:06:28.249000,13791.113,13787.749,750,750
2021-04-12 00:06:28.300000,13791.221,13787.789,750,750
2021-04-12 00:06:28.411000,13791.191,13787.737,750,740
2021-04-12 00:06:28.462000,13791.161,13787.679,750,750
2021-04-12 00:06:29.401000,13790.971,13787.627,750,740
2021-04-12 00:06:29.452000,13790.921,13787.449,750,750
2021-04-12 00:06:30.392000,13790.963,13787.759,750,34
2021-04-12 00:06:30.442000,13791.211,13787.759,750,750
2021-04-12 00:06:30.552000,13791.131,13787.817,750,740
2021-04-12 00:06:30.602000,13791.191,13787.619,750,750
2021-04-12 00:06:31.307000,13791.123,13787.749,750,750
2021-04-12 00:06:31.357000,13791.191,13787.809,750,750
2021-04-12 00:06:33.204000,13790.801,13787.747,750,16
2021-04-12 00:06:33.254000,13790.821,13787.419,750,750
2021-04-12 00:06:33.363000,13790.761,13787.417,750,740
2021-04-12 00:06:33.413000,13790.741,13787.249,750,750
2021-04-12 00:06:33.525000,13790.211,13787.267,750,16
2021-04-12 00:06:33.575000,13790.261,13786.779,750,750
2021-04-12 00:06:33.763000,13790.253,13787.099,750,34
2021-04-12 00:06:33.814000,13790.331,13786.859,750,750
2021-04-12 00:06:33.922000,13790.201,13786.817,750,740
2021-04-12 00:06:33.972000,13790.211,13786.729,750,750
2021-04-12 00:06:34.082000,13789.601,13786.777,750,16
2021-04-12 00:06:34.133000,13789.791,13786.409,750,750
2021-04-12 00:06:36.181000,13789.863,13786.449,750,750
2021-04-12 00:06:36.232000,13789.991,13786.449,750,750
2021-04-12 00:06:36.342000,13789.821,13786.457,750,740
2021-04-12 00:06:36.393000,13789.811,13786.409,750,750
2021-04-12 00:06:37.546000,13789.691,13786.587,750,16
2021-04-12 00:06:37.596000,13789.761,13786.229,750,750
2021-04-12 00:06:37.706000,13789.723,13786.329,750,750
2021-04-12 00:06:37.756000,13789.871,13786.319,750,750
2021-04-12 00:06:38.209000,13789.793,13786.459,750,750
2021-04-12 00:06:38.259000,13789.981,13786.419,750,750
2021-04-12 00:06:38.369000,13789.713,13786.659,750,750
2021-04-12 00:06:38.419000,13790.161,13786.659,750,750
2021-04-12 00:06:38.530000,13790.103,13786.729,750,750
2021-04-12 00:06:38.580000,13790.271,13786.789,750,750
2021-04-12 00:06:39.139000,13790.121,13786.797,750,740
2021-04-12 00:06:39.189000,13790.151,13786.899,750,750
2021-04-12 00:06:40.271000,13789.801,13786.717,750,16
2021-04-12 00:06:40.321000,13789.881,13786.399,750,750
2021-04-12 00:06:40.437000,13789.803,13786.499,750,750
2021-04-12 00:06:40.487000,13789.901,13786.459,750,750
2021-04-12 00:06:41.825000,13789.923,13786.609,750,750
2021-04-12 00:06:41.876000,13790.161,13786.699,750,750
2021-04-12 00:06:41.980000,13789.961,13786.627,750,740
2021-04-12 00:06:42.030000,13789.971,13786.439,750,750
2021-04-12 00:06:43.489000,13789.713,13786.779,750,34
2021-04-12 00:06:43.539000,13790.281,13786.769,750,750
2021-04-12 00:06:43.650000,13790.421,13786.919,750,750
2021-04-12 00:06:43.807000,13790.383,13787.109,750,750
2021-04-12 00:06:43.857000,13790.691,13787.149,750,750
2021-04-12 00:06:43.968000,13790.653,13787.499,750,34
2021-04-12 00:06:44.019000,13790.691,13787.299,750,750
2021-04-12 00:06:44.161000,13790.631,13787.217,750,740
2021-04-12 00:06:44.212000,13790.591,13787.169,750,750
2021-04-12 00:06:44.482000,13790.381,13787.117,750,16
2021-04-12 00:06:44.532000,13790.101,13786.859,750,750
2021-04-12 00:06:45.042000,13790.363,13786.939,750,750
2021-04-12 00:06:45.092000,13790.391,13786.959,750,750
2021-04-12 00:06:46.002000,13790.463,13787.229,750,34
2021-04-12 00:06:46.052000,13790.691,13787.289,750,750
2021-04-12 00:06:46.161000,13790.763,13787.379,750,750
2021-04-12 00:06:46.211000,13790.821,13787.359,750,750
2021-04-12 00:06:46.553000,13790.781,13787.357,750,740
2021-04-12 00:06:46.604000,13790.701,13787.499,750,750
2021-04-12 00:06:46.712000,13790.601,13787.227,750,740
2021-04-12 00:06:46.762000,13790.581,13787.179,750,750
2021-04-12 00:06:47.952000,13790.593,13787.319,750,750
2021-04-12 00:06:48.002000,13790.711,13787.259,750,750
2021-04-12 00:06:48.112000,13790.763,13787.329,750,750
2021-04-12 00:06:48.162000,13790.801,13787.319,750,750
2021-04-12 00:06:49.324000,13790.721,13787.317,750,740
2021-04-12 00:06:49.374000,13790.771,13787.299,750,750
2021-04-12 00:06:49.484000,13790.503,13787.599,750,34
2021-04-12 00:06:49.534000,13790.791,13787.599,750,750
2021-04-12 00:06:49.642000,13790.823,13787.619,750,34
2021-04-12 00:06:49.692000,13791.151,13787.649,750,750
2021-04-12 00:06:49.803000,13790.801,13787.887,750,16
2021-04-12 00:06:49.853000,13790.851,13787.359,750,750
2021-04-12 00:06:49.983000,13790.751,13787.597,750,16
2021-04-12 00:06:50.033000,13790.701,13787.319,750,750
2021-04-12 00:06:50.141000,13790.743,13787.339,750,750
2021-04-12 00:06:50.192000,13790.881,13787.359,750,750
2021-04-12 00:06:50.303000,13790.823,13787.479,750,750
2021-04-12 00:06:50.353000,13790.971,13787.489,750,750
2021-04-12 00:06:50.463000,13790.993,13787.679,750,750
2021-04-12 00:06:50.513000,13791.111,13787.709,750,750
2021-04-12 00:06:50.622000,13790.681,13787.617,750,16
2021-04-12 00:06:50.672000,13790.781,13787.289,750,750
2021-04-12 00:06:51.211000,13790.611,13787.217,750,740
2021-04-12 00:06:51.261000,13790.641,13787.199,750,750
2021-04-12 00:06:51.537000,13790.291,13787.147,750,16
2021-04-12 00:06:51.587000,13790.371,13786.839,750,750
2021-04-12 00:06:51.902000,13790.231,13786.887,750,740
2021-04-12 00:06:51.953000,13790.001,13786.719,750,750
2021-04-12 00:06:52.061000,13790.283,13786.909,750,750
2021-04-12 00:06:52.112000,13790.371,13786.819,750,750
2021-04-12 00:06:54.213000,13790.111,13786.847,750,740
2021-04-12 00:06:54.263000,13790.111,13786.679,750,750
2021-04-12 00:06:54.373000,13790.173,13786.739,750,750
2021-04-12 00:06:54.423000,13790.011,13786.809,750,750
2021-04-12 00:06:56.672000,13790.223,13786.879,750,750
2021-04-12 00:06:56.723000,13790.321,13786.829,750,750
2021-04-12 00:06:56.875000,13790.161,13786.837,750,740
2021-04-12 00:06:56.925000,13790.131,13786.649,750,750
2021-04-12 00:06:57.034000,13789.741,13786.677,750,16
2021-04-12 00:06:57.085000,13789.751,13786.309,750,750
2021-04-12 00:07:00.695000,13788.781,13786.487,750,16
2021-04-12 00:07:00.745000,13788.741,13785.309,750,750
2021-04-12 00:07:00.853000,13788.783,13785.369,750,750
2021-04-12 00:07:00.903000,13788.601,13785.359,750,750
2021-04-12 00:07:01.018000,13788.701,13785.597,750,16
2021-04-12 00:07:01.068000,13788.711,13785.219,750,750
2021-04-12 00:07:01.174000,13788.601,13785.297,750,740
2021-04-12 00:07:01.224000,13788.591,13785.139,750,750
2021-04-12 00:07:01.496000,13787.801,13785.177,750,16
2021-04-12 00:07:01.546000,13787.841,13784.419,750,750
2021-04-12 00:07:01.666000,13787.883,13784.469,750,750
2021-04-12 00:07:01.716000,13787.981,13784.509,750,750
2021-04-12 00:07:02.068000,13787.861,13784.687,750,16
2021-04-12 00:07:02.118000,13787.821,13784.419,750,750
2021-04-12 00:07:02.396000,13787.651,13784.417,750,16
2021-04-12 00:07:02.446000,13787.641,13784.149,750,750
2021-04-12 00:07:03.500000,13787.381,13784.207,750,16
2021-04-12 00:07:03.551000,13787.371,13783.829,750,750
2021-04-12 00:07:04.098000,13787.261,13783.877,750,740
2021-04-12 00:07:04.148000,13787.191,13783.769,750,750
2021-04-12 00:07:04.258000,13787.141,13783.747,750,740
2021-04-12 00:07:04.308000,13787.081,13783.689,750,750
2021-04-12 00:07:04.418000,13786.841,13783.657,750,16
2021-04-12 00:07:04.468000,13786.801,13783.409,750,750
2021-04-12 00:07:04.578000,13786.411,13783.407,750,16
2021-04-12 00:07:04.629000,13786.661,13783.159,750,750
2021-04-12 00:07:04.739000,13786.321,13783.167,750,16
2021-04-12 00:07:04.789000,13786.321,13782.829,750,750
2021-04-12 00:07:04.901000,13786.383,13782.919,750,750
2021-04-12 00:07:04.951000,13786.471,13782.989,750,750
2021-04-12 00:07:05.238000,13786.221,13783.197,750,16
2021-04-12 00:07:05.289000,13786.221,13782.789,750,750
2021-04-12 00:07:07.061000,13785.991,13782.499,750,750
2021-04-12 00:07:07.219000,13785.801,13782.487,750,740
2021-04-12 00:07:07.270000,13785.791,13782.399,750,750
2021-04-12 00:07:07.386000,13785.761,13782.377,750,740
2021-04-12 00:07:07.436000,13785.741,13782.319,750,750
2021-04-12 00:07:07.539000,13785.503,13782.499,750,750
2021-04-12 00:07:07.589000,13785.921,13782.419,750,750
2021-04-12 00:07:07.698000,13785.933,13782.689,750,750
2021-04-12 00:07:07.749000,13785.901,13782.689,750,750
2021-04-12 00:07:08.021000,13785.921,13782.897,750,16
2021-04-12 00:07:08.071000,13785.981,13782.449,750,750
2021-04-12 00:07:08.179000,13785.933,13782.659,750,750
2021-04-12 00:07:08.230000,13786.121,13782.669,750,750
2021-04-12 00:07:08.994000,13785.903,13782.999,750,34
2021-04-12 00:07:09.044000,13786.201,13782.739,750,750
2021-04-12 00:07:09.153000,13786.283,13783.019,750,34
2021-04-12 00:07:09.203000,13786.421,13782.999,750,750
2021-04-12 00:07:09.734000,13786.203,13783.419,750,34
2021-04-12 00:07:09.784000,13786.801,13783.329,750,750
2021-04-12 00:07:10.056000,13786.823,13783.429,750,750
2021-04-12 00:07:10.106000,13786.911,13783.509,750,750
2021-04-12 00:07:10.217000,13786.851,13783.517,750,740
2021-04-12 00:07:10.267000,13786.871,13783.369,750,750
2021-04-12 00:07:10.376000,13786.883,13783.479,750,750
2021-04-12 00:07:10.426000,13786.901,13783.689,750,750
2021-04-12 00:07:10.535000,13786.851,13783.477,750,740
2021-04-12 00:07:10.585000,13786.601,13783.309,750,750
2021-04-12 00:07:10.696000,13786.823,13783.439,750,750
2021-04-12 00:07:10.746000,13786.981,13783.429,750,750
2021-04-12 00:07:11.079000,13786.721,13783.427,750,740
2021-04-12 00:07:11.130000,13786.691,13783.489,750,750
2021-04-12 00:07:11.493000,13786.481,13783.277,750,16
2021-04-12 00:07:11.544000,13786.431,13783.189,750,750
2021-04-12 00:07:11.654000,13786.453,13783.489,750,34
2021-04-12 00:07:11.705000,13786.971,13783.449,750,750
2021-04-12 00:07:11.813000,13786.781,13783.467,750,740
2021-04-12 00:07:11.863000,13786.721,13783.309,750,750
2021-04-12 00:07:13.916000,13786.671,13783.207,750,740
2021-04-12 00:07:13.966000,13786.661,13783.159,750,750
2021-04-12 00:07:17.461000,13786.441,13783.127,750,740
2021-04-12 00:07:17.511000,13786.471,13782.949,750,750
2021-04-12 00:07:17.948000,13786.291,13782.947,750,740
2021-04-12 00:07:17.998000,13786.271,13782.809,750,750
2021-04-12 00:07:20.345000,13786.233,13783.399,750,34
2021-04-12 00:07:20.395000,13786.851,13783.399,750,750
2021-04-12 00:07:20.504000,13786.813,13783.809,750,34
2021-04-12 00:07:20.554000,13787.251,13783.719,750,750
2021-04-12 00:07:20.825000,13786.921,13783.817,750,16
2021-04-12 00:07:20.875000,13786.971,13783.439,750,750
2021-04-12 00:07:21.571000,13786.391,13783.477,750,16
2021-04-12 00:07:21.622000,13786.381,13782.899,750,750
2021-04-12 00:07:22.329000,13786.363,13783.199,750,34
2021-04-12 00:07:22.379000,13786.451,13783.199,750,750
2021-04-12 00:07:22.664000,13786.493,13783.119,750,750
2021-04-12 00:07:22.715000,13786.661,13783.139,750,750
2021-04-12 00:07:22.823000,13786.613,13783.609,750,34
2021-04-12 00:07:22.873000,13787.131,13783.679,750,750
2021-04-12 00:07:23.861000,13786.913,13783.749,750,750
2021-04-12 00:07:23.912000,13787.241,13783.779,750,750
2021-04-12 00:07:24.022000,13787.193,13783.959,750,750
2021-04-12 00:07:24.073000,13787.441,13784.199,750,750
2021-04-12 00:07:24.809000,13786.921,13784.017,750,16
2021-04-12 00:07:24.859000,13786.911,13783.499,750,750
2021-04-12 00:07:25.533000,13786.913,13783.899,750,34
2021-04-12 00:07:25.584000,13787.091,13783.639,750,750
2021-04-12 00:07:25.695000,13787.133,13783.919,750,34
2021-04-12 00:07:25.745000,13787.341,13783.879,750,750
2021-04-12 00:07:25.854000,13787.343,13783.959,750,750
2021-04-12 00:07:25.905000,13787.481,13784.009,750,750
2021-04-12 00:07:26.415000,13787.203,13784.359,750,34
2021-04-12 00:07:26.465000,13787.841,13784.329,750,750
2021-04-12 00:07:26.576000,13787.621,13784.347,750,740
2021-04-12 00:07:26.626000,13787.651,13784.189,750,750
2021-04-12 00:07:27.378000,13787.411,13784.147,750,740
2021-04-12 00:07:27.428000,13787.431,13783.919,750,750
2021-04-12 00:07:27.539000,13787.341,13784.007,750,740
2021-04-12 00:07:27.589000,13787.361,13783.809,750,750
2021-04-12 00:07:27.699000,13787.373,13784.699,750,34
2021-04-12 00:07:27.749000,13787.921,13784.479,750,750
2021-04-12 00:07:27.861000,13787.883,13784.929,750,34
2021-04-12 00:07:27.912000,13788.391,13785.009,750,750
2021-04-12 00:07:28.179000,13788.443,13785.119,750,750
2021-04-12 00:07:28.229000,13788.401,13785.149,750,750
2021-04-12 00:07:28.659000,13788.461,13785.177,750,740
2021-04-12 00:07:28.709000,13788.381,13784.919,750,750
2021-04-12 00:07:30.068000,13788.301,13784.987,750,740
2021-04-12 00:07:30.118000,13788.101,13784.819,750,750
2021-04-12 00:07:30.890000,13788.121,13784.817,750,740
2021-04-12 00:07:30.941000,13788.091,13784.719,750,750
2021-04-12 00:07:31.848000,13788.113,13785.139,750,34
2021-04-12 00:07:31.898000,13788.411,13785.219,750,750
2021-04-12 00:07:32.007000,13788.421,13785.157,750,740
2021-04-12 00:07:32.057000,13788.411,13784.929,750,750
2021-04-12 00:07:32.736000,13788.463,13785.139,750,750
2021-04-12 00:07:32.786000,13788.601,13785.149,750,750
2021-04-12 00:07:34.362000,13788.201,13785.157,750,740
2021-04-12 00:07:34.412000,13788.381,13784.939,750,750
2021-04-12 00:07:34.523000,13788.423,13785.139,750,750
2021-04-12 00:07:34.573000,13788.591,13785.179,750,750
2021-04-12 00:07:35.467000,13788.471,13785.217,750,16
2021-04-12 00:07:35.517000,13788.391,13784.939,750,750
2021-04-12 00:07:37.070000,13788.473,13785.219,750,34
2021-04-12 00:07:37.120000,13788.411,13785.189,750,750
2021-04-12 00:07:37.227000,13788.663,13785.239,750,750
2021-04-12 00:07:37.278000,13788.721,13785.219,750,750
2021-04-12 00:07:37.388000,13788.733,13785.469,750,750
2021-04-12 00:07:37.438000,13788.981,13785.429,750,750
2021-04-12 00:07:37.564000,13788.801,13785.427,750,740
2021-04-12 00:07:37.614000,13788.611,13785.319,750,750
2021-04-12 00:07:37.885000,13788.721,13785.347,750,740
2021-04-12 00:07:37.935000,13788.691,13785.219,750,750
2021-04-12 00:07:39.059000,13788.703,13785.389,750,750
2021-04-12 00:07:39.109000,13788.881,13785.369,750,750
2021-04-12 00:07:40.617000,13788.823,13785.759,750,34
2021-04-12 00:07:40.667000,13789.231,13785.739,750,750
2021-04-12 00:07:41.239000,13788.921,13785.737,750,16
2021-04-12 00:07:41.290000,13788.981,13785.499,750,750
