
2020-01-05 23:00:01.777000,8739310.0,8735910.0,1310,3
2020-01-05 23:00:02.248000,8739310.0,8735940.0,1310,3
2020-01-05 23:00:02.298000,8739450.0,8735960.0,1310,130
2020-01-05 23:00:02.414000,8739450.0,8735960.0,2750,130
2020-01-05 23:00:02.465000,8738600.0,8735140.0,650,2070
2020-01-05 23:00:02.563000,8738600.0,8735730.0,650,3
2020-01-05 23:00:02.613000,8739240.0,8735820.0,1310,130
2020-01-05 23:00:02.916000,8739240.0,8735820.0,2750,130
2020-01-05 23:00:02.966000,8739160.0,8735700.0,650,3
2020-01-05 23:00:03.076000,8739160.0,8735630.0,1400,130
2020-01-05 23:00:03.126000,8738990.0,8735440.0,2750,3
2020-01-05 23:00:03.237000,8738990.0,8736670.0,1310,3
2020-01-05 23:00:03.287000,8740110.0,8736670.0,1310,3
2020-01-05 23:00:03.414000,8740110.0,8738320.0,650,130
2020-01-05 23:00:03.464000,8741730.0,8738320.0,1400,130
2020-01-05 23:00:03.558000,8741730.0,8738350.0,650,3
2020-01-05 23:00:03.721000,8741790.0,8738600.0,1400,130
2020-01-05 23:00:03.771000,8741670.0,8738190.0,2750,3
2020-01-05 23:00:03.919000,8741670.0,8738710.0,1310,3
2020-01-05 23:00:03.981000,8742100.0,8738710.0,650,3
2020-01-05 23:00:04.080000,8742100.0,8739260.0,650,3
2020-01-05 23:00:04.131000,8742720.0,8739500.0,650,130
2020-01-05 23:00:04.290000,8742910.0,8739480.0,1310,3
2020-01-05 23:00:04.401000,8742910.0,8739480.0,1310,3
2020-01-05 23:00:04.452000,8742680.0,8739160.0,2750,130
2020-01-05 23:00:04.564000,8742680.0,8739270.0,2750,3
2020-01-05 23:00:04.723000,8742780.0,8739230.0,2750,130
2020-01-05 23:00:04.774000,8742380.0,8738960.0,1400,130
2020-01-05 23:00:04.884000,8742380.0,8739120.0,650,3
2020-01-05 23:00:04.935000,8742600.0,8739160.0,1310,130
2020-01-05 23:00:05.045000,8742600.0,8739330.0,1310,3
2020-01-05 23:00:05.103000,8742800.0,8739360.0,1310,130
2020-01-05 23:00:05.207000,8742800.0,8739360.0,2750,130
2020-01-05 23:00:05.258000,8742300.0,8738900.0,650,2070
2020-01-05 23:00:05.853000,8742300.0,8738900.0,1400,130
2020-01-05 23:00:05.903000,8741400.0,8737980.0,650,3
2020-01-05 23:00:06.015000,8741400.0,8737930.0,1400,130
2020-01-05 23:00:06.066000,8741170.0,8737700.0,2750,3
2020-01-05 23:00:06.173000,8741170.0,8738620.0,1310,3
2020-01-05 23:00:06.223000,8742110.0,8738660.0,1400,130
2020-01-05 23:00:06.339000,8742110.0,8739000.0,650,3
2020-01-05 23:00:06.389000,8742390.0,8739190.0,650,130
2020-01-05 23:00:06.440000,8747400.0,8744010.0,650,3
2020-01-05 23:00:06.513000,8747400.0,8743920.0,1400,130
2020-01-05 23:00:06.563000,8744720.0,8741300.0,2750,3
2020-01-05 23:00:06.672000,8744720.0,8742520.0,1310,3
2020-01-05 23:00:06.722000,8745960.0,8742520.0,2750,3
2020-01-05 23:00:06.834000,8745960.0,8743170.0,1310,3
2020-01-05 23:00:06.885000,8746680.0,8743190.0,2750,130
2020-01-05 23:00:06.994000,8746680.0,8743190.0,2750,130
2020-01-05 23:00:07.045000,8745130.0,8741610.0,1310,2070
2020-01-05 23:00:07.155000,8745130.0,8741610.0,2750,130
2020-01-05 23:00:07.205000,8744740.0,8741310.0,1400,3
2020-01-05 23:00:07.316000,8744740.0,8741290.0,1400,130
2020-01-05 23:00:07.366000,8744290.0,8740850.0,650,130
2020-01-05 23:00:07.479000,8744290.0,8741200.0,650,3
2020-01-05 23:00:07.529000,8744680.0,8741210.0,2750,130
2020-01-05 23:00:07.638000,8744680.0,8741210.0,2750,130
2020-01-05 23:00:07.688000,8743590.0,8740170.0,650,130
2020-01-05 23:00:07.800000,8743590.0,8741290.0,650,3
2020-01-05 23:00:07.850000,8744680.0,8741290.0,650,1500
2020-01-05 23:00:07.965000,8744680.0,8741290.0,1400,130
2020-01-05 23:00:08.015000,8744400.0,8741190.0,1310,3
2020-01-05 23:00:08.121000,8744400.0,8740980.0,2750,130
2020-01-05 23:00:08.214000,8744280.0,8740830.0,1400,130
2020-01-05 23:00:08.278000,8744280.0,8743250.0,650,3
2020-01-05 23:00:08.328000,8746770.0,8743250.0,1400,3
2020-01-05 23:00:08.436000,8746770.0,8743340.0,650,3
2020-01-05 23:00:08.598000,8746790.0,8743400.0,1400,130
2020-01-05 23:00:08.648000,8745830.0,8742600.0,650,1500
2020-01-05 23:00:08.759000,8745830.0,8743730.0,650,3
2020-01-05 23:00:08.809000,8747290.0,8743730.0,2750,2070
2020-01-05 23:00:08.922000,8747290.0,8745140.0,1310,3
2020-01-05 23:00:08.972000,8748410.0,8745160.0,650,130
2020-01-05 23:00:09.160000,8749720.0,8746290.0,1310,3
2020-01-05 23:00:09.280000,8749720.0,8746630.0,1310,3
2020-01-05 23:00:09.331000,8750150.0,8746660.0,2750,130
2020-01-05 23:00:09.442000,8750150.0,8746660.0,2750,130
2020-01-05 23:00:09.492000,8749380.0,8746020.0,2750,130
2020-01-05 23:00:09.625000,8749380.0,8746020.0,2750,130
2020-01-05 23:00:09.676000,8748860.0,8745400.0,2750,130
2020-01-05 23:00:09.763000,8748860.0,8745400.0,2750,130
2020-01-05 23:00:09.814000,8748470.0,8744990.0,2750,130
2020-01-05 23:00:10.085000,8748470.0,8745210.0,1310,3
2020-01-05 23:00:10.135000,8748600.0,8745210.0,650,3
2020-01-05 23:00:10.334000,8750990.0,8747480.0,2750,130
2020-01-05 23:00:10.384000,8748610.0,8745370.0,650,130
2020-01-05 23:00:10.547000,8748640.0,8745170.0,1310,3
2020-01-05 23:00:10.819000,8748640.0,8745140.0,2750,130
2020-01-05 23:00:10.869000,8748370.0,8744890.0,2750,130
2020-01-05 23:00:10.981000,8748370.0,8744950.0,1310,3
2020-01-05 23:00:11.154000,8748460.0,8745250.0,1310,3
2020-01-05 23:00:11.204000,8748500.0,8745250.0,650,3
2020-01-05 23:00:11.315000,8748500.0,8746000.0,650,3
2020-01-05 23:00:11.366000,8749420.0,8746000.0,650,1500
2020-01-05 23:00:11.476000,8749420.0,8747980.0,650,3
2020-01-05 23:00:11.527000,8751400.0,8747980.0,650,3
2020-01-05 23:00:11.638000,8751400.0,8748310.0,650,3
2020-01-05 23:00:11.689000,8751720.0,8748490.0,1310,130
2020-01-05 23:00:11.799000,8751720.0,8748490.0,2750,130
2020-01-05 23:00:11.849000,8751630.0,8748160.0,2750,3
2020-01-05 23:00:11.960000,8751630.0,8748350.0,1310,3
2020-01-05 23:00:12.010000,8751610.0,8748370.0,650,130
2020-01-05 23:00:12.282000,8751610.0,8748370.0,1400,130
2020-01-05 23:00:12.333000,8751150.0,8747890.0,2750,3
2020-01-05 23:00:12.444000,8751150.0,8747660.0,2750,130
2020-01-05 23:00:12.494000,8750000.0,8746770.0,650,130
2020-01-05 23:00:12.767000,8750000.0,8747320.0,650,3
2020-01-05 23:00:12.817000,8750730.0,8747320.0,2750,3
2020-01-05 23:00:12.928000,8750730.0,8748620.0,1310,3
2020-01-05 23:00:12.999000,8752090.0,8748680.0,650,130
2020-01-05 23:00:13.090000,8752090.0,8748810.0,650,130
2020-01-05 23:00:13.259000,8752000.0,8748850.0,650,3
2020-01-05 23:00:13.309000,8752100.0,8748850.0,650,3
2020-01-05 23:00:13.414000,8752100.0,8748600.0,2750,130
2020-01-05 23:00:13.464000,8751840.0,8748600.0,1400,130
2020-01-05 23:00:13.572000,8751840.0,8748790.0,650,3
2020-01-05 23:00:13.622000,8752210.0,8748790.0,1310,3
2020-01-05 23:00:13.736000,8752210.0,8748710.0,2750,130
2020-01-05 23:00:13.786000,8751480.0,8747970.0,2750,3
2020-01-05 23:00:14.066000,8751480.0,8748470.0,1310,3
2020-01-05 23:00:14.116000,8751900.0,8748470.0,1310,3
2020-01-05 23:00:14.219000,8751900.0,8748820.0,1310,3
2020-01-05 23:00:14.269000,8752280.0,8749000.0,2750,130
2020-01-05 23:00:14.616000,8752280.0,8749000.0,2750,130
2020-01-05 23:00:14.666000,8752160.0,8748690.0,1310,130
2020-01-05 23:00:14.776000,8752160.0,8748690.0,2750,130
2020-01-05 23:00:14.827000,8751280.0,8747900.0,1310,130
2020-01-05 23:00:14.937000,8751280.0,8748300.0,1310,3
2020-01-05 23:00:14.987000,8751750.0,8748300.0,650,3
2020-01-05 23:00:15.259000,8751750.0,8748810.0,650,3
2020-01-05 23:00:15.309000,8752270.0,8749000.0,1400,130
2020-01-05 23:00:15.903000,8752270.0,8749000.0,650,130
2020-01-05 23:00:15.954000,8752330.0,8748880.0,2750,130
2020-01-05 23:00:16.386000,8752330.0,8749270.0,1310,3
2020-01-05 23:00:16.437000,8752730.0,8749280.0,1310,130
2020-01-05 23:00:16.553000,8752730.0,8749700.0,650,130
2020-01-05 23:00:16.603000,8752900.0,8749700.0,650,130
2020-01-05 23:00:16.869000,8752900.0,8750480.0,650,3
2020-01-05 23:00:16.919000,8753920.0,8750480.0,650,3
2020-01-05 23:00:17.032000,8753920.0,8750450.0,1400,130
2020-01-05 23:00:17.082000,8753190.0,8749800.0,650,3
2020-01-05 23:00:17.191000,8753190.0,8749950.0,650,3
2020-01-05 23:00:17.241000,8753400.0,8749950.0,1310,3
2020-01-05 23:00:17.352000,8753400.0,8749930.0,2750,130
2020-01-05 23:00:17.403000,8753320.0,8749920.0,2750,130
2020-01-05 23:00:17.714000,8753320.0,8750400.0,1310,3
2020-01-05 23:00:17.764000,8753610.0,8750400.0,650,3
2020-01-05 23:00:18.036000,8753610.0,8750740.0,650,3
2020-01-05 23:00:18.086000,8754280.0,8750790.0,1310,130
2020-01-05 23:00:18.552000,8754280.0,8750790.0,2750,130
2020-01-05 23:00:18.602000,8753370.0,8749900.0,2750,3
2020-01-05 23:00:18.712000,8753370.0,8749830.0,2750,130
2020-01-05 23:00:18.762000,8752730.0,8749280.0,1400,3
2020-01-05 23:00:18.877000,8752730.0,8749240.0,1400,130
2020-01-05 23:00:18.927000,8752280.0,8749000.0,1400,3
2020-01-05 23:00:19.035000,8752280.0,8749320.0,650,3
2020-01-05 23:00:19.086000,8752740.0,8749320.0,1400,3
2020-01-05 23:00:19.354000,8752740.0,8749420.0,1400,3
2020-01-05 23:00:19.516000,8752860.0,8749440.0,1310,3
2020-01-05 23:00:19.566000,8752930.0,8749520.0,1310,130
2020-01-05 23:00:19.676000,8752930.0,8749670.0,1310,3
2020-01-05 23:00:19.726000,8753120.0,8749670.0,2750,3
2020-01-05 23:00:19.838000,8753120.0,8749620.0,2750,130
2020-01-05 23:00:19.889000,8752930.0,8749470.0,2750,130
2020-01-05 23:00:20.487000,8752930.0,8749710.0,1310,3
2020-01-05 23:00:20.646000,8752910.0,8748420.0,2750,2070
2020-01-05 23:00:20.696000,8751940.0,8748420.0,1310,2070
2020-01-05 23:00:20.806000,8751940.0,8748770.0,1310,3
2020-01-05 23:00:20.857000,8752210.0,8748770.0,1310,3
2020-01-05 23:00:20.967000,8752210.0,8748760.0,2750,130
2020-01-05 23:00:21.017000,8751800.0,8748400.0,650,1500
2020-01-05 23:00:21.298000,8751800.0,8748910.0,650,3
2020-01-05 23:00:21.348000,8752380.0,8748980.0,650,130
2020-01-05 23:00:21.457000,8752380.0,8748980.0,1400,130
2020-01-05 23:00:21.508000,8751940.0,8748520.0,2750,130
2020-01-05 23:00:21.780000,8751940.0,8748520.0,2750,130
2020-01-05 23:00:21.830000,8751390.0,8748190.0,650,130
2020-01-05 23:00:22.103000,8751390.0,8748190.0,1400,130
2020-01-05 23:00:22.153000,8751390.0,8747840.0,2750,3
2020-01-05 23:00:22.423000,8751390.0,8747810.0,2750,130
2020-01-05 23:00:22.473000,8751090.0,8747710.0,650,130
2020-01-05 23:00:22.585000,8751090.0,8747810.0,650,3
2020-01-05 23:00:22.636000,8751230.0,8747810.0,2750,3
2020-01-05 23:00:22.748000,8751230.0,8747740.0,2750,130
2020-01-05 23:00:22.798000,8751100.0,8747690.0,650,130
2020-01-05 23:00:22.907000,8751100.0,8747820.0,650,3
2020-01-05 23:00:22.958000,8751350.0,8747890.0,1400,130
2020-01-05 23:00:23.068000,8751350.0,8747890.0,1400,130
2020-01-05 23:00:23.118000,8751180.0,8747700.0,2750,130
2020-01-05 23:00:23.228000,8751180.0,8747830.0,1310,3
2020-01-05 23:00:23.397000,8751110.0,8748290.0,650,3
2020-01-05 23:00:23.448000,8751750.0,8748290.0,650,3
2020-01-05 23:00:23.551000,8751750.0,8748690.0,650,3
2020-01-05 23:00:23.601000,8752110.0,8748690.0,2750,3
2020-01-05 23:00:24.087000,8752110.0,8748990.0,1310,3
2020-01-05 23:00:24.137000,8752240.0,8748990.0,1400,3
2020-01-05 23:00:24.514000,8752240.0,8750140.0,650,3
2020-01-05 23:00:24.564000,8753400.0,8750210.0,650,130
2020-01-05 23:00:24.849000,8754390.0,8750850.0,2750,3
2020-01-05 23:00:24.900000,8754390.0,8750860.0,2750,130
2020-01-05 23:00:25.001000,8754390.0,8750860.0,2750,130
2020-01-05 23:00:25.051000,8753850.0,8750400.0,1310,3
2020-01-05 23:00:25.333000,8753850.0,8750460.0,1310,3
2020-01-05 23:00:25.383000,8753910.0,8750470.0,2750,130
2020-01-05 23:00:25.495000,8753910.0,8750470.0,2750,130
2020-01-05 23:00:25.545000,8753420.0,8750020.0,2750,3
2020-01-05 23:00:25.658000,8753420.0,8750380.0,1310,3
2020-01-05 23:00:25.819000,8753800.0,8750600.0,1400,130
2020-01-05 23:00:25.869000,8753460.0,8749930.0,2750,130
2020-01-05 23:00:26.185000,8753460.0,8749930.0,2750,130
2020-01-05 23:00:26.344000,8753340.0,8749990.0,2750,3
2020-01-05 23:00:26.506000,8753260.0,8749780.0,2750,130
2020-01-05 23:00:26.556000,8752740.0,8749300.0,650,130
2020-01-05 23:00:26.667000,8752740.0,8749930.0,650,3
2020-01-05 23:00:26.717000,8753480.0,8750000.0,1400,130
2020-01-05 23:00:27.030000,8753480.0,8750000.0,1400,130
2020-01-05 23:00:27.080000,8752830.0,8749390.0,650,130
2020-01-05 23:00:27.352000,8752830.0,8749980.0,650,3
2020-01-05 23:00:27.403000,8753210.0,8749980.0,650,3
2020-01-05 23:00:27.596000,8753210.0,8750360.0,650,3
2020-01-05 23:00:27.647000,8753800.0,8750410.0,1400,130
2020-01-05 23:00:27.919000,8753800.0,8750700.0,650,3
2020-01-05 23:00:28.244000,8753710.0,8750470.0,1400,130
2020-01-05 23:00:28.294000,8753430.0,8750000.0,1400,130
2020-01-05 23:00:28.404000,8753430.0,8750170.0,650,3
2020-01-05 23:00:28.569000,8753930.0,8750170.0,2750,3
2020-01-05 23:00:28.619000,8753930.0,8750520.0,1310,3
2020-01-05 23:00:28.726000,8753930.0,8750460.0,2750,130
2020-01-05 23:00:28.776000,8753640.0,8750210.0,2750,3
2020-01-05 23:00:29.607000,8753640.0,8749770.0,2750,130
2020-01-05 23:00:29.657000,8753190.0,8749770.0,1400,130
2020-01-05 23:00:29.929000,8753190.0,8750200.0,650,3
2020-01-05 23:00:29.979000,8753590.0,8750200.0,650,3
2020-01-05 23:00:30.094000,8753590.0,8750160.0,1400,130
2020-01-05 23:00:30.186000,8752200.0,8749010.0,650,3
2020-01-05 23:00:30.251000,8752200.0,8749760.0,650,3
2020-01-05 23:00:30.301000,8753260.0,8749760.0,1310,3
2020-01-05 23:00:30.529000,8753260.0,8749720.0,2750,130
2020-01-05 23:00:30.580000,8752760.0,8749490.0,1400,130
2020-01-05 23:00:31.178000,8752760.0,8749810.0,650,3
2020-01-05 23:00:31.228000,8753240.0,8749810.0,2750,3
2020-01-05 23:00:31.339000,8753240.0,8749900.0,2750,3
2020-01-05 23:00:31.389000,8753180.0,8749900.0,1400,3
2020-01-05 23:00:31.984000,8753320.0,8749900.0,1310,3
2020-01-05 23:00:32.356000,8753320.0,8750160.0,1310,3
2020-01-05 23:00:32.407000,8753640.0,8750400.0,650,130
2020-01-05 23:00:32.680000,8753640.0,8750400.0,1400,130
2020-01-05 23:00:32.731000,8753190.0,8749750.0,650,3
2020-01-05 23:00:33.033000,8753190.0,8750270.0,650,3
2020-01-05 23:00:33.084000,8753760.0,8750290.0,2750,130
2020-01-05 23:00:33.195000,8753760.0,8750290.0,2750,130
2020-01-05 23:00:33.246000,8753180.0,8749760.0,650,3
2020-01-05 23:00:33.589000,8753180.0,8750500.0,650,130
2020-01-05 23:00:33.639000,8753790.0,8750500.0,2750,130
2020-01-05 23:00:33.863000,8753790.0,8750500.0,2750,130
2020-01-05 23:00:33.914000,8753660.0,8750190.0,2750,3
2020-01-05 23:00:34.026000,8753660.0,8750150.0,2750,130
2020-01-05 23:00:34.076000,8753200.0,8749750.0,1400,130
2020-01-05 23:00:34.184000,8753200.0,8750090.0,650,3
2020-01-05 23:00:34.234000,8753350.0,8750090.0,2750,3
2020-01-05 23:00:34.345000,8753350.0,8750640.0,1310,3
2020-01-05 23:00:34.395000,8754180.0,8750710.0,2750,130
2020-01-05 23:00:34.508000,8754180.0,8750830.0,1310,3
2020-01-05 23:00:34.558000,8754390.0,8750830.0,2750,3
2020-01-05 23:00:34.666000,8754390.0,8750810.0,2750,130
2020-01-05 23:00:34.828000,8754230.0,8750790.0,1400,130
2020-01-05 23:00:34.878000,8753680.0,8750170.0,2750,130
2020-01-05 23:00:35.364000,8753850.0,8750390.0,1310,130
2020-01-05 23:00:35.909000,8753850.0,8750450.0,1310,3
2020-01-05 23:00:35.959000,8753910.0,8750510.0,2750,130
2020-01-05 23:00:36.069000,8753910.0,8751440.0,1310,3
2020-01-05 23:00:36.120000,8754710.0,8751520.0,1400,130
2020-01-05 23:00:36.717000,8754710.0,8751770.0,650,3
2020-01-05 23:00:36.767000,8755250.0,8752000.0,1310,130
2020-01-05 23:00:36.928000,8755400.0,8752020.0,650,130
2020-01-05 23:00:37.420000,8755400.0,8752400.0,650,3
2020-01-05 23:00:37.470000,8755680.0,8752400.0,2750,3
2020-01-05 23:00:37.581000,8755680.0,8752410.0,1310,3
2020-01-05 23:00:37.631000,8755910.0,8752470.0,650,130
2020-01-05 23:00:37.741000,8755910.0,8752470.0,1400,130
2020-01-05 23:00:38.234000,8755820.0,8752330.0,2750,130
2020-01-05 23:00:38.284000,8755360.0,8751890.0,1400,130
2020-01-05 23:00:38.557000,8755360.0,8752390.0,650,3
2020-01-05 23:00:38.608000,8755780.0,8752390.0,650,3
2020-01-05 23:00:38.719000,8755780.0,8752380.0,1400,130
2020-01-05 23:00:38.770000,8755710.0,8752300.0,650,3
2020-01-05 23:00:39.120000,8755710.0,8752270.0,1400,130
2020-01-05 23:00:39.170000,8755430.0,8751980.0,1400,130
2020-01-05 23:00:39.276000,8755430.0,8751980.0,1400,130
2020-01-05 23:00:39.327000,8755230.0,8751800.0,650,130
2020-01-05 23:00:39.438000,8755230.0,8753380.0,650,3
2020-01-05 23:00:39.489000,8756790.0,8753380.0,650,3
2020-01-05 23:00:39.598000,8756790.0,8753090.0,2750,130
2020-01-05 23:00:39.649000,8756370.0,8753090.0,2750,130
2020-01-05 23:00:39.759000,8756370.0,8753090.0,2750,130
2020-01-05 23:00:39.809000,8755720.0,8752310.0,650,130
2020-01-05 23:00:40.138000,8755720.0,8752620.0,650,3
2020-01-05 23:00:40.189000,8756130.0,8752630.0,650,130
2020-01-05 23:00:40.895000,8756130.0,8752630.0,1400,130
2020-01-05 23:00:40.945000,8755110.0,8751650.0,1400,130
2020-01-05 23:00:41.073000,8755110.0,8751650.0,1400,130
2020-01-05 23:00:41.124000,8754880.0,8751460.0,650,3
2020-01-05 23:00:41.217000,8754880.0,8752130.0,650,3
2020-01-05 23:00:41.268000,8755400.0,8752400.0,650,130
2020-01-05 23:00:41.427000,8755400.0,8751950.0,1400,3
2020-01-05 23:00:41.698000,8755400.0,8752090.0,1400,3
2020-01-05 23:00:42.180000,8755350.0,8752090.0,2750,130
2020-01-05 23:00:42.231000,8754890.0,8751690.0,650,3
2020-01-05 23:00:42.341000,8754890.0,8751490.0,1400,130
2020-01-05 23:00:42.392000,8754720.0,8751260.0,2750,3
2020-01-05 23:00:42.665000,8754720.0,8751210.0,2750,130
2020-01-05 23:00:42.716000,8753810.0,8750370.0,1400,3
2020-01-05 23:00:43.214000,8753810.0,8750320.0,1400,130
2020-01-05 23:00:43.297000,8753100.0,8749830.0,650,2070
2020-01-05 23:00:43.374000,8753100.0,8749830.0,1400,130
2020-01-05 23:00:43.424000,8752950.0,8749480.0,1310,3
2020-01-05 23:00:43.992000,8752950.0,8749650.0,1310,3
2020-01-05 23:00:44.042000,8753150.0,8749690.0,1310,130
2020-01-05 23:00:44.378000,8753150.0,8749690.0,2750,130
2020-01-05 23:00:44.428000,8752740.0,8749490.0,1400,130
2020-01-05 23:00:44.538000,8752740.0,8749490.0,1400,130
2020-01-05 23:00:44.589000,8752330.0,8749100.0,2750,3
2020-01-05 23:00:44.700000,8752330.0,8748860.0,2750,130
2020-01-05 23:00:44.750000,8751800.0,8748380.0,1400,130
2020-01-05 23:00:44.861000,8751800.0,8748380.0,1400,130
2020-01-05 23:00:45.022000,8751400.0,8748210.0,1400,130
2020-01-05 23:00:45.072000,8751480.0,8748190.0,2750,130
2020-01-05 23:00:45.563000,8751480.0,8748190.0,2750,130
2020-01-05 23:00:46.095000,8751480.0,8748190.0,2750,130
2020-01-05 23:00:46.258000,8751480.0,8748190.0,2750,130
2020-01-05 23:00:46.417000,8751480.0,8748190.0,2750,130
2020-01-05 23:00:46.791000,8751480.0,8748190.0,2750,130
2020-01-05 23:00:46.953000,8751480.0,8748190.0,2750,130
2020-01-05 23:00:47.142000,8748360.0,8747781.0,650,130
2020-01-05 23:00:47.193000,8748360.0,8744870.0,2750,130
2020-01-05 23:00:47.277000,8748360.0,8745700.0,1310,3
2020-01-05 23:00:47.327000,8749180.0,8745700.0,2750,3
2020-01-05 23:00:47.438000,8749180.0,8745630.0,2750,130
2020-01-05 23:00:47.489000,8748920.0,8745490.0,1400,3
2020-01-05 23:00:47.600000,8748920.0,8745920.0,650,3
2020-01-05 23:00:47.650000,8749110.0,8745920.0,650,3
2020-01-05 23:00:47.761000,8749110.0,8745890.0,1400,130
2020-01-05 23:00:47.922000,8749160.0,8745990.0,650,1500
2020-01-05 23:00:48.406000,8749000.0,8745990.0,1400,130
2020-01-05 23:00:48.457000,8748390.0,8744880.0,2750,130
2020-01-05 23:00:48.821000,8748390.0,8744880.0,2750,130
2020-01-05 23:00:48.872000,8747840.0,8744320.0,650,2070
2020-01-05 23:00:49.144000,8747840.0,8744700.0,650,3
2020-01-05 23:00:49.194000,8748110.0,8744710.0,650,130
2020-01-05 23:00:49.467000,8748110.0,8744710.0,1400,130
2020-01-05 23:00:49.517000,8747820.0,8744340.0,2750,130
2020-01-05 23:00:49.627000,8747820.0,8744340.0,2750,130
2020-01-05 23:00:49.678000,8747350.0,8744090.0,2750,3
2020-01-05 23:00:49.792000,8747350.0,8743770.0,2750,130
2020-01-05 23:00:50.115000,8747190.0,8743770.0,2750,130
2020-01-05 23:00:50.165000,8746600.0,8743210.0,1400,130
2020-01-05 23:00:50.272000,8746600.0,8743210.0,1400,130
2020-01-05 23:00:50.322000,8746240.0,8742780.0,2750,130
2020-01-05 23:00:50.433000,8746240.0,8743500.0,1310,3
2020-01-05 23:00:50.483000,8746690.0,8743500.0,1400,3
2020-01-05 23:00:50.595000,8746690.0,8743320.0,1400,130
2020-01-05 23:00:50.646000,8746330.0,8742870.0,2750,130
2020-01-05 23:00:50.755000,8746330.0,8742950.0,1310,3
2020-01-05 23:00:50.916000,8746390.0,8743210.0,650,3
2020-01-05 23:00:51.078000,8746640.0,8743390.0,1400,130
2020-01-05 23:00:51.128000,8746480.0,8742990.0,2750,3
2020-01-05 23:00:51.881000,8746480.0,8742980.0,2750,130
2020-01-05 23:00:52.042000,8746310.0,8742890.0,1400,3
2020-01-05 23:00:52.205000,8746180.0,8742630.0,2750,130
2020-01-05 23:00:52.256000,8745870.0,8742410.0,2750,130
2020-01-05 23:00:52.371000,8745870.0,8742410.0,2750,130
2020-01-05 23:00:52.726000,8745510.0,8742310.0,650,130
2020-01-05 23:00:52.776000,8745630.0,8742390.0,1400,130
2020-01-05 23:00:52.886000,8745630.0,8742390.0,1400,130
2020-01-05 23:00:52.937000,8745110.0,8741900.0,650,1500
2020-01-05 23:00:53.046000,8745110.0,8742310.0,650,3
2020-01-05 23:00:53.096000,8745710.0,8742310.0,1310,3
2020-01-05 23:00:53.207000,8745710.0,8742280.0,2750,130
2020-01-05 23:00:53.257000,8744890.0,8741500.0,1400,3
2020-01-05 23:00:53.398000,8744730.0,8741500.0,650,3
2020-01-05 23:00:53.449000,8744730.0,8741290.0,1310,130
2020-01-05 23:00:53.744000,8744730.0,8741290.0,2750,130
2020-01-05 23:00:54.391000,8744580.0,8741390.0,2750,130
2020-01-05 23:00:54.441000,8744410.0,8740970.0,1400,130
2020-01-05 23:00:54.558000,8744410.0,8740970.0,1400,130
2020-01-05 23:00:54.608000,8744360.0,8740910.0,1310,130
2020-01-05 23:00:55.198000,8744360.0,8740970.0,2750,3
2020-01-05 23:00:55.359000,8744480.0,8740920.0,2750,130
2020-01-05 23:00:55.521000,8744340.0,8740980.0,1310,3
2020-01-05 23:00:55.571000,8744410.0,8740980.0,2750,3
2020-01-05 23:00:56.191000,8744410.0,8741340.0,1310,3
2020-01-05 23:00:56.241000,8744800.0,8741420.0,650,130
2020-01-05 23:00:56.379000,8744800.0,8741470.0,650,3
2020-01-05 23:00:56.430000,8744990.0,8741500.0,2750,130
2020-01-05 23:00:56.543000,8744990.0,8742160.0,1310,3
2020-01-05 23:00:56.593000,8745640.0,8742160.0,2750,3
2020-01-05 23:00:56.701000,8745640.0,8742130.0,2750,130
2020-01-05 23:00:56.752000,8745100.0,8741910.0,650,130
2020-01-05 23:00:56.917000,8745080.0,8741890.0,650,3
2020-01-05 23:00:57.183000,8745080.0,8741970.0,650,3
2020-01-05 23:00:57.233000,8745410.0,8742000.0,2750,130
2020-01-05 23:00:57.344000,8745410.0,8742220.0,1310,3
2020-01-05 23:00:57.394000,8745590.0,8742220.0,650,3
2020-01-05 23:00:57.505000,8745590.0,8742710.0,650,3
2020-01-05 23:00:57.555000,8746180.0,8742710.0,2750,3
2020-01-05 23:00:57.914000,8746180.0,8742700.0,2750,130
2020-01-05 23:00:57.964000,8745810.0,8742420.0,1310,130
2020-01-05 23:00:58.073000,8745810.0,8742630.0,1310,3
2020-01-05 23:00:58.124000,8746170.0,8742670.0,2750,130
2020-01-05 23:00:58.236000,8746170.0,8743270.0,1310,3
2020-01-05 23:00:58.286000,8746770.0,8743270.0,2750,2070
2020-01-05 23:00:59.523000,8746770.0,8743270.0,2750,130
2020-01-05 23:00:59.573000,8746370.0,8742870.0,2750,3
2020-01-05 23:01:00.117000,8746370.0,8743110.0,1310,3
2020-01-05 23:01:00.167000,8746610.0,8743150.0,1310,130
2020-01-05 23:01:00.270000,8746610.0,8743630.0,1310,3
2020-01-05 23:01:00.363000,8747180.0,8743650.0,2750,130
2020-01-05 23:01:00.433000,8747180.0,8744250.0,1310,3
2020-01-05 23:01:00.483000,8747690.0,8744250.0,650,3
2020-01-05 23:01:00.991000,8747690.0,8744410.0,650,3
2020-01-05 23:01:01.151000,8747930.0,8744500.0,2750,130
2020-01-05 23:01:01.202000,8747470.0,8744010.0,2750,3
2020-01-05 23:01:01.313000,8747470.0,8743960.0,2750,130
2020-01-05 23:01:01.363000,8746740.0,8743500.0,2750,130
2020-01-05 23:01:01.482000,8746740.0,8743500.0,2750,130
2020-01-05 23:01:01.582000,8746210.0,8742730.0,1310,130
2020-01-05 23:01:01.641000,8746210.0,8742730.0,2750,130
2020-01-05 23:01:01.692000,8745180.0,8741660.0,1400,130
2020-01-05 23:01:01.974000,8745180.0,8741660.0,1400,130
2020-01-05 23:01:02.025000,8744750.0,8741310.0,2750,3
2020-01-05 23:01:02.169000,8744750.0,8741230.0,2750,130
2020-01-05 23:01:02.219000,8744320.0,8740910.0,1310,3
2020-01-05 23:01:02.288000,8744320.0,8740820.0,2750,130
2020-01-05 23:01:02.339000,8743450.0,8739980.0,1400,3
2020-01-05 23:01:02.444000,8743450.0,8740420.0,650,3
2020-01-05 23:01:02.494000,8743950.0,8740500.0,2750,130
2020-01-05 23:01:02.770000,8743950.0,8740670.0,650,3
2020-01-05 23:01:02.821000,8744160.0,8740670.0,2750,3
2020-01-05 23:01:03.088000,8744160.0,8740910.0,1310,3
2020-01-05 23:01:03.138000,8744290.0,8740920.0,650,130
2020-01-05 23:01:03.746000,8744290.0,8740920.0,1400,130
2020-01-05 23:01:03.797000,8743810.0,8740360.0,650,3
2020-01-05 23:01:04.070000,8743810.0,8740350.0,1400,130
2020-01-05 23:01:04.843000,8743660.0,8740390.0,2750,130
2020-01-05 23:01:05.333000,8743210.0,8740500.0,650,130
2020-01-05 23:01:05.383000,8743960.0,8740500.0,2750,130
2020-01-05 23:01:05.492000,8743960.0,8741880.0,1310,3
2020-01-05 23:01:05.542000,8745380.0,8741880.0,2750,2070
2020-01-05 23:01:05.649000,8745380.0,8741880.0,2750,130
2020-01-05 23:01:05.699000,8745150.0,8741700.0,1310,130
2020-01-05 23:01:05.969000,8745150.0,8741760.0,1310,3
2020-01-05 23:01:06.708000,8745220.0,8742330.0,650,3
2020-01-05 23:01:06.759000,8745790.0,8742380.0,650,130
2020-01-05 23:01:07.044000,8745790.0,8742450.0,650,3
2020-01-05 23:01:07.095000,8745970.0,8742450.0,2750,3
2020-01-05 23:01:07.527000,8745970.0,8742420.0,2750,130
2020-01-05 23:01:07.577000,8745770.0,8742280.0,2750,3
2020-01-05 23:01:07.689000,8745770.0,8742280.0,2750,3
2020-01-05 23:01:07.739000,8745430.0,8741980.0,2750,3
2020-01-05 23:01:07.855000,8745430.0,8742300.0,650,3
2020-01-05 23:01:07.905000,8745740.0,8742300.0,1400,3
2020-01-05 23:01:08.013000,8745740.0,8742260.0,1400,130
2020-01-05 23:01:08.063000,8745600.0,8742210.0,650,3
2020-01-05 23:01:08.253000,8745600.0,8742230.0,650,3
2020-01-05 23:01:08.304000,8745760.0,8742270.0,650,130
2020-01-05 23:01:08.415000,8745760.0,8742230.0,1310,3
2020-01-05 23:01:08.582000,8745690.0,8742140.0,2750,130
2020-01-05 23:01:08.633000,8745290.0,8741900.0,650,130
2020-01-05 23:01:08.735000,8745290.0,8741900.0,1400,130
2020-01-05 23:01:08.786000,8745250.0,8741730.0,1310,3
2020-01-05 23:01:08.896000,8745250.0,8741720.0,2750,130
2020-01-05 23:01:08.947000,8745130.0,8741710.0,2750,130
2020-01-05 23:01:09.060000,8745130.0,8741710.0,2750,130
2020-01-05 23:01:09.110000,8744990.0,8741500.0,2750,130
2020-01-05 23:01:09.218000,8744990.0,8741680.0,1310,3
2020-01-05 23:01:09.269000,8745100.0,8741680.0,650,3
2020-01-05 23:01:09.892000,8745100.0,8741630.0,1400,130
2020-01-05 23:01:10.213000,8744980.0,8741450.0,2750,130
2020-01-05 23:01:10.263000,8744870.0,8741360.0,2750,3
2020-01-05 23:01:10.396000,8744870.0,8741670.0,1310,3
2020-01-05 23:01:10.446000,8745180.0,8741890.0,2750,130
2020-01-05 23:01:10.540000,8745180.0,8741810.0,1310,3
2020-01-05 23:01:10.699000,8745260.0,8741770.0,2750,130
2020-01-05 23:01:10.859000,8745110.0,8741700.0,1400,130
2020-01-05 23:01:10.910000,8744800.0,8741400.0,650,3
2020-01-05 23:01:11.020000,8744800.0,8742110.0,650,3
2020-01-05 23:01:11.070000,8745610.0,8742210.0,650,130
2020-01-05 23:01:11.345000,8745610.0,8742210.0,1400,130
2020-01-05 23:01:11.395000,8745230.0,8741770.0,2750,130
2020-01-05 23:01:12.158000,8745230.0,8742710.0,1310,3
2020-01-05 23:01:12.293000,8745910.0,8742890.0,1310,130
2020-01-05 23:01:12.344000,8745860.0,8742590.0,2750,3
2020-01-05 23:01:12.480000,8745860.0,8742330.0,2750,130
2020-01-05 23:01:12.642000,8745770.0,8742590.0,1310,3
2020-01-05 23:01:12.692000,8745610.0,8742590.0,650,3
2020-01-05 23:01:12.802000,8745610.0,8742780.0,650,3
2020-01-05 23:01:12.852000,8746230.0,8743000.0,1400,130
2020-01-05 23:01:13.124000,8746230.0,8743000.0,650,130
2020-01-05 23:01:13.514000,8746320.0,8742890.0,1400,130
2020-01-05 23:01:13.564000,8745920.0,8742420.0,650,3
2020-01-05 23:01:13.675000,8745920.0,8742850.0,650,3
2020-01-05 23:01:13.725000,8746290.0,8742860.0,650,130
2020-01-05 23:01:13.832000,8746290.0,8742860.0,1400,130
2020-01-05 23:01:14.456000,8746270.0,8742760.0,2750,130
2020-01-05 23:01:14.507000,8745940.0,8742460.0,650,130
2020-01-05 23:01:14.617000,8745940.0,8742870.0,650,3
2020-01-05 23:01:14.778000,8746100.0,8743180.0,650,3
2020-01-05 23:01:14.828000,8746680.0,8743200.0,2750,130
2020-01-05 23:01:14.938000,8746680.0,8743200.0,2750,130
2020-01-05 23:01:14.989000,8745840.0,8742590.0,2750,130
2020-01-05 23:01:15.105000,8745840.0,8743180.0,1310,3
2020-01-05 23:01:15.156000,8746630.0,8743210.0,650,130
2020-01-05 23:01:15.794000,8746630.0,8743330.0,650,3
2020-01-05 23:01:15.844000,8746790.0,8743360.0,1400,130
2020-01-05 23:01:15.956000,8746790.0,8743500.0,1400,3
2020-01-05 23:01:16.283000,8746960.0,8743510.0,1400,130
2020-01-05 23:01:16.441000,8746630.0,8744350.0,1310,3
2020-01-05 23:01:16.492000,8747600.0,8744350.0,650,3
2020-01-05 23:01:16.601000,8747600.0,8744820.0,650,3
2020-01-05 23:01:16.652000,8748270.0,8744820.0,2750,1500
2020-01-05 23:01:16.763000,8748270.0,8744930.0,1310,3
2020-01-05 23:01:16.814000,8748410.0,8744950.0,650,130
2020-01-05 23:01:16.924000,8748410.0,8744950.0,1400,130
2020-01-05 23:01:17.087000,8748370.0,8744820.0,2750,130
2020-01-05 23:01:17.137000,8748200.0,8744770.0,1400,130
2020-01-05 23:01:18.315000,8748200.0,8745310.0,650,3
2020-01-05 23:01:18.365000,8748790.0,8745400.0,650,130
2020-01-05 23:01:18.636000,8748790.0,8745400.0,1400,130
2020-01-05 23:01:18.686000,8748770.0,8745260.0,2750,3
2020-01-05 23:01:20.095000,8748770.0,8745450.0,1310,3
2020-01-05 23:01:20.146000,8748900.0,8745450.0,1310,3
2020-01-05 23:01:20.546000,8748900.0,8745430.0,2750,130
2020-01-05 23:01:20.597000,8748640.0,8745210.0,1310,3
2020-01-05 23:01:20.708000,8748640.0,8745180.0,2750,130
2020-01-05 23:01:20.759000,8748430.0,8744990.0,1400,3
2020-01-05 23:01:20.868000,8748430.0,8745490.0,650,3
2020-01-05 23:01:20.919000,8748690.0,8745490.0,1310,3
2020-01-05 23:01:21.036000,8748690.0,8745280.0,2750,130
2020-01-05 23:01:21.086000,8748690.0,8745140.0,2750,130
2020-01-05 23:01:21.213000,8748680.0,8745140.0,2750,130
2020-01-05 23:01:21.360000,8748680.0,8745140.0,2750,130
2020-01-05 23:01:21.410000,8748450.0,8745190.0,2750,130
2020-01-05 23:01:22.162000,8748620.0,8745160.0,1400,130
2020-01-05 23:01:22.271000,8748620.0,8745160.0,1400,130
2020-01-05 23:01:22.322000,8748480.0,8744970.0,2750,130
2020-01-05 23:01:22.434000,8748480.0,8744970.0,2750,130
2020-01-05 23:01:22.596000,8748100.0,8744920.0,650,3
2020-01-05 23:01:22.646000,8748400.0,8744920.0,1400,2070
2020-01-05 23:01:22.756000,8748400.0,8745280.0,650,3
2020-01-05 23:01:22.807000,8748510.0,8745300.0,650,130
2020-01-05 23:01:22.917000,8748510.0,8745780.0,650,3
2020-01-05 23:01:22.968000,8749230.0,8745780.0,2750,3
2020-01-05 23:01:23.241000,8749230.0,8745760.0,2750,130
2020-01-05 23:01:23.401000,8748880.0,8745520.0,2750,130
2020-01-05 23:01:23.452000,8748850.0,8745360.0,1310,130
2020-01-05 23:01:23.562000,8748850.0,8745980.0,1310,3
2020-01-05 23:01:23.612000,8749430.0,8745990.0,2750,130
2020-01-05 23:01:23.768000,8749730.0,8745990.0,2750,130
2020-01-05 23:01:23.818000,8749730.0,8746270.0,2750,130
2020-01-05 23:01:23.884000,8749730.0,8747170.0,1310,3
2020-01-05 23:01:23.935000,8750650.0,8747180.0,1400,130
2020-01-05 23:01:24.421000,8750650.0,8747180.0,1400,130
2020-01-05 23:01:24.581000,8750470.0,8747710.0,650,3
2020-01-05 23:01:24.632000,8751100.0,8747710.0,650,3
2020-01-05 23:01:24.941000,8751100.0,8747870.0,650,3
2020-01-05 23:01:24.992000,8751300.0,8747870.0,650,3
2020-01-05 23:01:25.486000,8751300.0,8747870.0,1310,3
2020-01-05 23:01:25.536000,8750940.0,8747510.0,1310,130
2020-01-05 23:01:25.978000,8751090.0,8747670.0,650,130
2020-01-05 23:01:26.088000,8751090.0,8748120.0,650,3
2020-01-05 23:01:26.139000,8751400.0,8748150.0,650,130
2020-01-05 23:01:26.254000,8751400.0,8748410.0,650,3
2020-01-05 23:01:26.304000,8751850.0,8748410.0,650,1500
2020-01-05 23:01:26.462000,8751850.0,8748410.0,1400,130
2020-01-05 23:01:27.148000,8751690.0,8748240.0,2750,130
2020-01-05 23:01:27.309000,8751660.0,8748150.0,2750,130
2020-01-05 23:01:27.359000,8751090.0,8747690.0,1310,3
2020-01-05 23:01:27.689000,8751090.0,8747630.0,2750,130
2020-01-05 23:01:27.740000,8750670.0,8747400.0,2750,130
2020-01-05 23:01:28.033000,8750670.0,8747400.0,1310,130
2020-01-05 23:01:28.084000,8750890.0,8747380.0,2750,3
2020-01-05 23:01:28.193000,8750890.0,8747620.0,1310,3
2020-01-05 23:01:28.244000,8751090.0,8747700.0,1310,130
2020-01-05 23:01:28.356000,8751090.0,8747700.0,2750,130
2020-01-05 23:01:28.406000,8750750.0,8747260.0,2750,130
2020-01-05 23:01:29.070000,8750750.0,8747260.0,2750,130
2020-01-05 23:01:29.120000,8750290.0,8746750.0,2750,3
2020-01-05 23:01:29.652000,8750290.0,8747290.0,1310,3
2020-01-05 23:01:29.703000,8750500.0,8747290.0,650,1500
2020-01-05 23:01:29.984000,8750500.0,8747420.0,650,3
2020-01-05 23:01:30.035000,8750810.0,8747420.0,1400,3
2020-01-05 23:01:30.148000,8750810.0,8747690.0,650,3
2020-01-05 23:01:30.199000,8750970.0,8747690.0,1310,3
2020-01-05 23:01:31.334000,8750970.0,8747510.0,2750,130
2020-01-05 23:01:31.384000,8750760.0,8747300.0,2750,130
2020-01-05 23:01:31.668000,8750760.0,8747400.0,1310,3
2020-01-05 23:01:31.719000,8750830.0,8747400.0,1310,3
2020-01-05 23:01:31.988000,8750830.0,8747380.0,2750,130
2020-01-05 23:01:32.039000,8750640.0,8747180.0,1400,130
2020-01-05 23:01:32.387000,8750640.0,8747290.0,650,3
2020-01-05 23:01:32.437000,8750690.0,8747290.0,650,3
2020-01-05 23:01:32.547000,8750690.0,8747410.0,650,3
2020-01-05 23:01:32.598000,8750970.0,8747410.0,2750,2070
2020-01-05 23:01:32.714000,8750970.0,8747810.0,1310,3
2020-01-05 23:01:32.765000,8751180.0,8747810.0,650,3
2020-01-05 23:01:32.873000,8751180.0,8747710.0,1400,130
2020-01-05 23:01:33.060000,8751120.0,8747670.0,1400,130
2020-01-05 23:01:33.110000,8750820.0,8747420.0,2750,3
2020-01-05 23:01:33.218000,8750820.0,8747340.0,2750,130
2020-01-05 23:01:33.269000,8750310.0,8746900.0,1400,3
2020-01-05 23:01:33.381000,8750310.0,8747420.0,650,3
2020-01-05 23:01:33.432000,8750980.0,8747500.0,2750,130
2020-01-05 23:01:33.697000,8750980.0,8747630.0,1310,3
2020-01-05 23:01:33.747000,8751080.0,8747700.0,650,130
2020-01-05 23:01:33.858000,8751080.0,8747700.0,1400,130
2020-01-05 23:01:33.908000,8750880.0,8747500.0,650,130
2020-01-05 23:01:34.020000,8750880.0,8747640.0,650,3
2020-01-05 23:01:34.111000,8751090.0,8747640.0,650,3
2020-01-05 23:01:34.340000,8751090.0,8747980.0,650,3
2020-01-05 23:01:34.390000,8751480.0,8747980.0,2750,3
2020-01-05 23:01:35.039000,8751480.0,8747970.0,2750,130
2020-01-05 23:01:35.362000,8751380.0,8747860.0,2750,130
2020-01-05 23:01:35.522000,8751180.0,8747870.0,650,3
2020-01-05 23:01:35.573000,8751380.0,8747870.0,2750,3
2020-01-05 23:01:35.683000,8751380.0,8747910.0,1310,3
2020-01-05 23:01:35.847000,8751460.0,8748140.0,1310,3
2020-01-05 23:01:35.898000,8751610.0,8748140.0,1400,3
2020-01-05 23:01:36.006000,8751610.0,8748360.0,650,3
2020-01-05 23:01:36.056000,8751790.0,8748360.0,650,3
2020-01-05 23:01:36.488000,8751790.0,8748330.0,1400,130
2020-01-05 23:01:36.539000,8751720.0,8748290.0,2750,3
2020-01-05 23:01:36.649000,8751720.0,8748330.0,1310,3
2020-01-05 23:01:36.700000,8751810.0,8748410.0,1310,130
2020-01-05 23:01:37.148000,8751810.0,8746380.0,2750,130
2020-01-05 23:01:37.198000,8749870.0,8746380.0,2750,130
2020-01-05 23:01:37.309000,8749870.0,8746620.0,1310,3
2020-01-05 23:01:37.364000,8750090.0,8746900.0,650,130
2020-01-05 23:01:37.521000,8750180.0,8746990.0,650,130
2020-01-05 23:01:37.752000,8750380.0,8746890.0,2750,130
2020-01-05 23:01:37.867000,8750380.0,8747460.0,1310,3
2020-01-05 23:01:37.917000,8750920.0,8747480.0,2750,130
2020-01-05 23:01:38.608000,8750920.0,8747640.0,1310,3
2020-01-05 23:01:38.658000,8751130.0,8747660.0,2750,130
2020-01-05 23:01:38.770000,8751130.0,8747660.0,2750,130
2020-01-05 23:01:38.820000,8750910.0,8747430.0,1310,130
2020-01-05 23:01:38.932000,8750910.0,8748360.0,650,130
2020-01-05 23:01:38.982000,8751850.0,8748400.0,2750,3
2020-01-05 23:01:39.095000,8751850.0,8748360.0,2750,130
2020-01-05 23:01:39.146000,8751590.0,8748180.0,1400,130
2020-01-05 23:01:39.254000,8751590.0,8748180.0,1400,130
2020-01-05 23:01:39.305000,8751320.0,8747910.0,1400,130
2020-01-05 23:01:39.889000,8751320.0,8748000.0,650,3
2020-01-05 23:01:39.940000,8751460.0,8748000.0,2750,2070
2020-01-05 23:01:40.047000,8751460.0,8748350.0,650,3
2020-01-05 23:01:40.098000,8751810.0,8748350.0,650,3
2020-01-05 23:01:40.209000,8751810.0,8748320.0,1400,130
2020-01-05 23:01:41.248000,8751640.0,8748440.0,650,3
2020-01-05 23:01:41.298000,8751920.0,8748440.0,1400,3
2020-01-05 23:01:41.411000,8751920.0,8748680.0,650,3
2020-01-05 23:01:42.051000,8752170.0,8748900.0,1400,130
2020-01-05 23:01:42.102000,8751970.0,8748690.0,2750,130
2020-01-05 23:01:42.375000,8751970.0,8748690.0,2750,130
2020-01-05 23:01:42.425000,8751190.0,8747770.0,650,3
2020-01-05 23:01:42.536000,8751190.0,8748120.0,650,3
2020-01-05 23:01:42.587000,8751400.0,8748210.0,650,130
2020-01-05 23:01:42.696000,8751400.0,8748210.0,1400,130
2020-01-05 23:01:42.747000,8751210.0,8747810.0,650,3
2020-01-05 23:01:43.021000,8751210.0,8747910.0,650,3
2020-01-05 23:01:43.071000,8751290.0,8747910.0,1400,3
2020-01-05 23:01:43.182000,8751290.0,8748500.0,650,3
2020-01-05 23:01:43.233000,8751790.0,8748500.0,2750,3
2020-01-05 23:01:43.346000,8751790.0,8748250.0,2750,130
2020-01-05 23:01:43.942000,8751790.0,8748250.0,2750,130
2020-01-05 23:01:44.186000,8751790.0,8748250.0,2750,130
2020-01-05 23:01:44.610000,8750260.0,8746760.0,2750,3
2020-01-05 23:01:44.909000,8750260.0,8746750.0,2750,130
2020-01-05 23:01:44.959000,8749930.0,8746500.0,2750,3
2020-01-05 23:01:45.072000,8749930.0,8746690.0,1310,3
2020-01-05 23:01:45.122000,8750110.0,8746690.0,650,1500
2020-01-05 23:01:45.232000,8750110.0,8747590.0,650,3
2020-01-05 23:01:45.283000,8750880.0,8747590.0,2750,3
2020-01-05 23:01:45.922000,8750880.0,8747360.0,2750,130
2020-01-05 23:01:45.972000,8750360.0,8746830.0,2750,130
2020-01-05 23:01:46.082000,8750360.0,8746950.0,650,3
2020-01-05 23:01:46.133000,8750450.0,8746950.0,1400,3
2020-01-05 23:01:46.401000,8750450.0,8746950.0,2750,3
2020-01-05 23:01:46.561000,8750280.0,8746890.0,1400,130
2020-01-05 23:01:46.611000,8750150.0,8746700.0,1400,130
2020-01-05 23:01:47.114000,8750150.0,8746700.0,1400,130
2020-01-05 23:01:47.164000,8749380.0,8745990.0,1310,130
2020-01-05 23:01:47.614000,8749380.0,8746150.0,1310,3
2020-01-05 23:01:47.775000,8749660.0,8746190.0,2750,130
2020-01-05 23:01:47.826000,8749400.0,8746020.0,650,3
2020-01-05 23:01:47.936000,8749400.0,8746670.0,650,3
2020-01-05 23:01:47.987000,8749910.0,8746680.0,650,130
2020-01-05 23:01:48.099000,8749910.0,8746680.0,1400,130
2020-01-05 23:01:48.348000,8749800.0,8746390.0,2750,130
2020-01-05 23:01:48.399000,8749730.0,8746300.0,1400,130
2020-01-05 23:01:48.503000,8749730.0,8746300.0,1400,130
2020-01-05 23:01:48.554000,8749600.0,8746210.0,1310,130
2020-01-05 23:01:48.667000,8749600.0,8746210.0,2750,130
2020-01-05 23:01:48.717000,8749460.0,8745990.0,2750,3
2020-01-05 23:01:48.864000,8749460.0,8746130.0,1310,3
2020-01-05 23:01:48.915000,8749590.0,8746180.0,650,130
2020-01-05 23:01:49.026000,8749590.0,8746230.0,650,3
2020-01-05 23:01:49.076000,8749690.0,8746310.0,650,130
2020-01-05 23:01:49.361000,8749690.0,8746390.0,1400,3
2020-01-05 23:01:49.597000,8749680.0,8746160.0,2750,130
2020-01-05 23:01:49.647000,8749430.0,8745980.0,1310,3
2020-01-05 23:01:50.111000,8749430.0,8746150.0,1310,3
2020-01-05 23:01:50.162000,8749630.0,8746210.0,650,130
2020-01-05 23:01:50.496000,8749630.0,8746270.0,650,3
2020-01-05 23:01:50.546000,8749730.0,8746270.0,1310,3
2020-01-05 23:01:50.751000,8749730.0,8746340.0,2750,3
2020-01-05 23:01:50.912000,8749870.0,8746350.0,2750,130
2020-01-05 23:01:50.962000,8749710.0,8746290.0,1400,3
2020-01-05 23:01:51.520000,8749710.0,8746220.0,1400,130
2020-01-05 23:01:51.680000,8749710.0,8746220.0,1400,130
2020-01-05 23:01:51.883000,8749710.0,8746300.0,1400,3
2020-01-05 23:01:52.003000,8749710.0,8746350.0,650,3
2020-01-05 23:01:52.160000,8749710.0,8746250.0,1400,3
2020-01-05 23:01:52.323000,8749710.0,8746310.0,650,3
2020-01-05 23:01:52.553000,8749710.0,8746410.0,1310,130
2020-01-05 23:01:52.603000,8749840.0,8746310.0,2750,3
2020-01-05 23:01:52.663000,8749710.0,8746310.0,1310,3
2020-01-05 23:01:53.010000,8749710.0,8746410.0,650,130
2020-01-05 23:01:53.061000,8749880.0,8746410.0,650,130
2020-01-05 23:01:53.166000,8749880.0,8746470.0,1400,3
2020-01-05 23:01:53.473000,8749960.0,8746650.0,1310,3
2020-01-05 23:01:53.629000,8750090.0,8746960.0,650,130
2020-01-05 23:01:53.715000,8750200.0,8746960.0,650,130
2020-01-05 23:01:53.948000,8750200.0,8747190.0,650,3
2020-01-05 23:01:54.116000,8750630.0,8747410.0,1310,3
2020-01-05 23:01:54.167000,8750790.0,8747410.0,1400,3
2020-01-05 23:01:54.276000,8750790.0,8747330.0,1400,130
2020-01-05 23:01:54.327000,8750380.0,8747100.0,2750,3
2020-01-05 23:01:54.438000,8750380.0,8746890.0,2750,130
2020-01-05 23:01:54.489000,8749980.0,8746700.0,2750,3
2020-01-05 23:01:55.076000,8749980.0,8746630.0,1310,3
2020-01-05 23:01:55.127000,8750180.0,8746640.0,2750,130
2020-01-05 23:01:55.236000,8750180.0,8746970.0,1310,3
2020-01-05 23:01:55.287000,8750410.0,8746970.0,650,3
2020-01-05 23:01:55.396000,8750410.0,8746920.0,1400,130
2020-01-05 23:01:55.447000,8748400.0,8745210.0,650,130
2020-01-05 23:01:55.561000,8748400.0,8745210.0,1400,130
2020-01-05 23:01:55.612000,8747900.0,8744710.0,650,3
2020-01-05 23:01:55.914000,8748220.0,8744780.0,650,3
2020-01-05 23:01:56.185000,8748220.0,8745410.0,650,3
2020-01-05 23:01:56.236000,8748800.0,8745410.0,650,3
2020-01-05 23:01:56.342000,8748800.0,8745430.0,650,3
2020-01-05 23:01:56.392000,8748910.0,8745460.0,650,130
2020-01-05 23:01:56.504000,8748910.0,8745460.0,1400,130
2020-01-05 23:01:56.555000,8748880.0,8745380.0,1310,3
2020-01-05 23:01:56.666000,8748880.0,8745370.0,2750,130
2020-01-05 23:01:56.716000,8748310.0,8744850.0,1400,3
2020-01-05 23:01:56.828000,8748310.0,8744980.0,650,3
2020-01-05 23:01:56.878000,8748450.0,8744980.0,650,3
2020-01-05 23:01:57.446000,8748450.0,8744920.0,1400,130
2020-01-05 23:01:57.496000,8748340.0,8744890.0,2750,3
2020-01-05 23:01:57.606000,8748340.0,8744830.0,2750,130
2020-01-05 23:01:57.657000,8748140.0,8744660.0,2750,130
2020-01-05 23:01:57.970000,8748140.0,8744660.0,2750,130
2020-01-05 23:01:58.020000,8747950.0,8744440.0,1310,3
2020-01-05 23:01:58.128000,8747950.0,8744420.0,2750,130
2020-01-05 23:01:58.179000,8747710.0,8744290.0,650,3
2020-01-05 23:01:58.612000,8747710.0,8744420.0,650,130
2020-01-05 23:01:58.663000,8747860.0,8744420.0,2750,130
2020-01-05 23:01:58.772000,8747860.0,8744420.0,2750,130
2020-01-05 23:01:58.822000,8747770.0,8744260.0,2750,130
2020-01-05 23:02:00.288000,8747770.0,8744780.0,1310,3
2020-01-05 23:02:00.338000,8748220.0,8744790.0,650,130
2020-01-05 23:02:00.452000,8748220.0,8744790.0,1400,130
2020-01-05 23:02:00.502000,8747660.0,8744110.0,2750,2070
2020-01-05 23:02:00.770000,8747660.0,8744110.0,2750,130
2020-01-05 23:02:00.820000,8747470.0,8744010.0,2750,3
2020-01-05 23:02:00.931000,8747470.0,8743950.0,2750,130
2020-01-05 23:02:00.981000,8746990.0,8743410.0,2750,2070
2020-01-05 23:02:01.094000,8746990.0,8743280.0,2750,3
2020-01-05 23:02:01.145000,8746790.0,8743280.0,2750,3
2020-01-05 23:02:01.417000,8746790.0,8744210.0,1310,3
2020-01-05 23:02:01.468000,8747730.0,8744210.0,1310,2070
2020-01-05 23:02:01.577000,8747730.0,8744450.0,1310,3
2020-01-05 23:02:01.943000,8747930.0,8744700.0,2750,130
2020-01-05 23:02:01.993000,8747860.0,8744410.0,1400,3
2020-01-05 23:02:02.097000,8747860.0,8744890.0,650,3
2020-01-05 23:02:02.148000,8748120.0,8744890.0,650,3
2020-01-05 23:02:02.309000,8748340.0,8744890.0,1310,130
2020-01-05 23:02:02.421000,8748340.0,8745260.0,1310,3
2020-01-05 23:02:02.471000,8748690.0,8745260.0,1310,3
2020-01-05 23:02:02.582000,8748690.0,8745360.0,1310,3
2020-01-05 23:02:02.632000,8748800.0,8745380.0,1310,130
2020-01-05 23:02:03.301000,8748740.0,8745290.0,650,130
2020-01-05 23:02:03.568000,8748740.0,8745410.0,1400,3
2020-01-05 23:02:03.728000,8748810.0,8745320.0,1400,130
2020-01-05 23:02:03.779000,8748690.0,8745310.0,1400,130
2020-01-05 23:02:03.890000,8748690.0,8745590.0,650,3
2020-01-05 23:02:03.941000,8748870.0,8745590.0,2750,3
2020-01-05 23:02:04.052000,8748870.0,8745640.0,1310,3
2020-01-05 23:02:04.216000,8748900.0,8745890.0,650,3
2020-01-05 23:02:04.266000,8749110.0,8745890.0,650,3
2020-01-05 23:02:04.653000,8749110.0,8745820.0,1400,130
2020-01-05 23:02:04.703000,8749160.0,8745660.0,1400,3
2020-01-05 23:02:04.814000,8749160.0,8745840.0,650,3
2020-01-05 23:02:06.192000,8749340.0,8746000.0,1310,3
2020-01-05 23:02:06.243000,8749480.0,8746000.0,2750,3
2020-01-05 23:02:06.352000,8749480.0,8745950.0,2750,130
2020-01-05 23:02:06.402000,8749350.0,8745920.0,2750,3
2020-01-05 23:02:06.513000,8749350.0,8745990.0,1310,3
2020-01-05 23:02:06.675000,8749470.0,8746190.0,2750,130
2020-01-05 23:02:06.725000,8749370.0,8745870.0,1400,3
2020-01-05 23:02:07.464000,8749370.0,8745840.0,1400,130
2020-01-05 23:02:07.514000,8749260.0,8745720.0,2750,2070
2020-01-05 23:02:07.859000,8749260.0,8745720.0,2750,130
2020-01-05 23:02:07.910000,8748940.0,8745520.0,2750,130
2020-01-05 23:02:08.183000,8748940.0,8745520.0,2750,130
2020-01-05 23:02:08.233000,8748370.0,8744900.0,1400,130
2020-01-05 23:02:08.342000,8748370.0,8744900.0,1400,130
2020-01-05 23:02:08.392000,8747640.0,8744150.0,2750,3
2020-01-05 23:02:08.824000,8747640.0,8744130.0,2750,130
2020-01-05 23:02:08.874000,8747400.0,8744010.0,650,130
2020-01-05 23:02:08.985000,8747400.0,8744010.0,1400,130
2020-01-05 23:02:09.035000,8747290.0,8743890.0,1400,130
2020-01-05 23:02:09.308000,8747290.0,8744150.0,650,3
2020-01-05 23:02:09.358000,8747640.0,8744160.0,650,130
2020-01-05 23:02:09.469000,8747640.0,8744230.0,650,3
2020-01-05 23:02:09.630000,8747690.0,8744340.0,1310,3
2020-01-05 23:02:09.681000,8747780.0,8744340.0,650,2070
2020-01-05 23:02:09.794000,8747780.0,8744340.0,1400,130
2020-01-05 23:02:09.844000,8747780.0,8744280.0,2750,3
2020-01-05 23:02:09.954000,8747780.0,8744230.0,2750,130
2020-01-05 23:02:10.004000,8746920.0,8743490.0,1310,130
2020-01-05 23:02:10.116000,8746920.0,8743490.0,2750,130
2020-01-05 23:02:10.166000,8746610.0,8743190.0,1400,130
2020-01-05 23:02:10.278000,8746610.0,8743430.0,650,3
2020-01-05 23:02:10.328000,8746700.0,8743440.0,1310,130
2020-01-05 23:02:10.909000,8746700.0,8743890.0,1310,3
2020-01-05 23:02:10.960000,8746910.0,8743890.0,650,3
2020-01-05 23:02:11.707000,8746910.0,8743710.0,1400,130
2020-01-05 23:02:11.758000,8746350.0,8742870.0,1310,3
2020-01-05 23:02:12.031000,8746350.0,8743270.0,1310,3
2020-01-05 23:02:12.081000,8746760.0,8743270.0,1310,3
2020-01-05 23:02:12.192000,8746760.0,8743240.0,2750,130
2020-01-05 23:02:12.242000,8746590.0,8743220.0,1310,130
2020-01-05 23:02:12.353000,8746590.0,8743220.0,2750,130
2020-01-05 23:02:12.403000,8746360.0,8742890.0,2750,3
2020-01-05 23:02:13.086000,8746360.0,8743160.0,1310,3
2020-01-05 23:02:13.136000,8746400.0,8743170.0,1310,130
2020-01-05 23:02:13.247000,8746400.0,8743170.0,2750,130
2020-01-05 23:02:13.974000,8746010.0,8742990.0,650,130
2020-01-05 23:02:14.024000,8746140.0,8742720.0,2750,1500
2020-01-05 23:02:14.296000,8746140.0,8742720.0,2750,130
2020-01-05 23:02:14.346000,8745780.0,8742250.0,2750,3
2020-01-05 23:02:14.456000,8745780.0,8742220.0,2750,130
2020-01-05 23:02:14.507000,8745680.0,8742200.0,2750,130
2020-01-05 23:02:14.777000,8745680.0,8742240.0,1310,3
2020-01-05 23:02:14.828000,8745720.0,8742240.0,650,3
2020-01-05 23:02:15.507000,8745720.0,8742490.0,650,3
2020-01-05 23:02:15.668000,8745920.0,8742690.0,1400,130
2020-01-05 23:02:15.718000,8745440.0,8741930.0,2750,130
2020-01-05 23:02:15.880000,8745250.0,8741810.0,1400,130
2020-01-05 23:02:15.991000,8745250.0,8741980.0,650,3
2020-01-05 23:02:16.041000,8745430.0,8741980.0,1310,3
2020-01-05 23:02:16.360000,8745430.0,8742160.0,1310,3
2020-01-05 23:02:16.410000,8745580.0,8742180.0,1400,130
2020-01-05 23:02:16.681000,8745580.0,8742180.0,1400,130
2020-01-05 23:02:16.731000,8745450.0,8741980.0,2750,1500
2020-01-05 23:02:17.004000,8745450.0,8742330.0,1310,3
2020-01-05 23:02:17.054000,8745860.0,8742360.0,2750,130
2020-01-05 23:02:17.165000,8745860.0,8742360.0,2750,130
2020-01-05 23:02:17.216000,8745370.0,8742100.0,2750,130
2020-01-05 23:02:17.941000,8745370.0,8742100.0,2750,130
2020-01-05 23:02:17.991000,8745230.0,8741770.0,1310,130
2020-01-05 23:02:18.101000,8745230.0,8742100.0,1310,3
2020-01-05 23:02:18.186000,8745390.0,8742100.0,2750,3
2020-01-05 23:02:18.423000,8745390.0,8741880.0,2750,130
2020-01-05 23:02:18.474000,8745190.0,8741820.0,650,3
2020-01-05 23:02:20.582000,8745190.0,8741800.0,1400,130
2020-01-05 23:02:20.633000,8744930.0,8741500.0,650,3
2020-01-05 23:02:20.741000,8744930.0,8741780.0,650,3
2020-01-05 23:02:20.792000,8745240.0,8741780.0,2750,3
2020-01-05 23:02:20.903000,8745240.0,8741730.0,2750,130
2020-01-05 23:02:20.953000,8745160.0,8741650.0,2750,1500
2020-01-05 23:02:21.072000,8745160.0,8741760.0,1400,130
2020-01-05 23:02:21.809000,8745230.0,8741960.0,650,3
2020-01-05 23:02:21.859000,8745450.0,8741960.0,2750,3
2020-01-05 23:02:21.971000,8745450.0,8741900.0,2750,3
2020-01-05 23:02:22.021000,8745310.0,8741900.0,650,3
2020-01-05 23:02:22.673000,8745310.0,8741970.0,650,3
2020-01-05 23:02:22.951000,8745430.0,8741970.0,2750,3
2020-01-05 23:02:23.121000,8745210.0,8741990.0,1310,130
2020-01-05 23:02:23.282000,8745290.0,8741900.0,650,130
2020-01-05 23:02:23.393000,8745290.0,8742120.0,650,3
2020-01-05 23:02:23.443000,8745650.0,8742120.0,2750,3
2020-01-05 23:02:23.554000,8745650.0,8742700.0,1310,3
2020-01-05 23:02:23.605000,8746160.0,8742700.0,2750,3
2020-01-05 23:02:23.714000,8746160.0,8742850.0,2750,3
2020-01-05 23:02:23.880000,8746290.0,8742920.0,2750,130
2020-01-05 23:02:23.931000,8745790.0,8742420.0,650,3
2020-01-05 23:02:24.037000,8745790.0,8743130.0,650,3
2020-01-05 23:02:24.087000,8746630.0,8743200.0,1310,130
2020-01-05 23:02:24.773000,8746380.0,8742990.0,1310,130
2020-01-05 23:02:25.044000,8746380.0,8743470.0,1310,3
2020-01-05 23:02:25.095000,8746980.0,8743470.0,2750,3
2020-01-05 23:02:25.205000,8746980.0,8743420.0,2750,130
2020-01-05 23:02:25.256000,8746170.0,8742700.0,2750,3
2020-01-05 23:02:26.203000,8746170.0,8742840.0,1310,3
2020-01-05 23:02:26.253000,8746330.0,8742900.0,2750,130
2020-01-05 23:02:26.365000,8746330.0,8742720.0,2750,3
2020-01-05 23:02:26.416000,8746150.0,8742720.0,2750,3
2020-01-05 23:02:26.525000,8746150.0,8742880.0,1310,3
2020-01-05 23:02:26.576000,8746390.0,8743090.0,2750,130
2020-01-05 23:02:26.686000,8746390.0,8743090.0,2750,130
2020-01-05 23:02:26.736000,8746220.0,8742750.0,2750,1500
2020-01-05 23:02:26.848000,8746220.0,8742890.0,1310,3
2020-01-05 23:02:26.899000,8746390.0,8742890.0,2750,3
2020-01-05 23:02:27.199000,8746390.0,8742860.0,2750,130
2020-01-05 23:02:27.365000,8746290.0,8742990.0,2750,130
2020-01-05 23:02:27.415000,8746360.0,8742880.0,2750,3
2020-01-05 23:02:27.724000,8746360.0,8742810.0,2750,130
2020-01-05 23:02:27.774000,8746190.0,8742810.0,650,130
2020-01-05 23:02:28.036000,8746190.0,8742870.0,650,3
2020-01-05 23:02:28.087000,8746380.0,8742870.0,2750,3
2020-01-05 23:02:28.197000,8746380.0,8743190.0,1310,3
2020-01-05 23:02:28.247000,8746650.0,8743190.0,2750,3
2020-01-05 23:02:28.358000,8746650.0,8743100.0,2750,130
2020-01-05 23:02:28.409000,8746340.0,8743100.0,1400,130
2020-01-05 23:02:28.520000,8746340.0,8743100.0,1400,130
2020-01-05 23:02:28.570000,8745250.0,8741790.0,2750,3
2020-01-05 23:02:30.682000,8745250.0,8741790.0,2750,3
2020-01-05 23:02:30.733000,8744880.0,8741460.0,1310,130
2020-01-05 23:02:30.897000,8744880.0,8741670.0,1310,3
2020-01-05 23:02:31.069000,8745090.0,8741740.0,650,130
2020-01-05 23:02:31.218000,8745210.0,8741740.0,1400,130
2020-01-05 23:02:32.088000,8745130.0,8741630.0,2750,130
2020-01-05 23:02:32.238000,8744820.0,8741600.0,650,130
2020-01-05 23:02:32.399000,8744700.0,8741710.0,650,3
2020-01-05 23:02:32.449000,8745100.0,8741710.0,650,3
2020-01-05 23:02:33.183000,8745100.0,8741710.0,1400,3
2020-01-05 23:02:33.350000,8745250.0,8741770.0,2750,130
2020-01-05 23:02:33.673000,8744940.0,8741410.0,2750,130
2020-01-05 23:02:33.723000,8744810.0,8741590.0,650,130
2020-01-05 23:02:34.079000,8744810.0,8741590.0,1400,130
2020-01-05 23:02:34.130000,8744230.0,8740800.0,2750,3
2020-01-05 23:02:34.235000,8744230.0,8740750.0,2750,130
2020-01-05 23:02:34.286000,8743930.0,8740510.0,1400,130
2020-01-05 23:02:34.558000,8743930.0,8740760.0,650,3
2020-01-05 23:02:34.608000,8744190.0,8740800.0,650,130
2020-01-05 23:02:34.721000,8744190.0,8740800.0,1400,130
2020-01-05 23:02:35.252000,8743930.0,8740620.0,1310,3
2020-01-05 23:02:35.303000,8744090.0,8740710.0,1310,130
2020-01-05 23:02:35.412000,8744090.0,8740710.0,2750,130
2020-01-05 23:02:35.462000,8743930.0,8740460.0,2750,130
2020-01-05 23:02:35.982000,8743930.0,8740460.0,2750,130
2020-01-05 23:02:36.033000,8743720.0,8740280.0,1400,130
2020-01-05 23:02:36.144000,8743720.0,8740280.0,1400,130
2020-01-05 23:02:36.194000,8743410.0,8740200.0,1310,130
2020-01-05 23:02:36.628000,8743410.0,8740200.0,2750,130
2020-01-05 23:02:36.679000,8743280.0,8739790.0,2750,130
2020-01-05 23:02:38.886000,8743390.0,8739790.0,2750,130
2020-01-05 23:02:38.936000,8743390.0,8740190.0,650,130
2020-01-05 23:02:39.224000,8743610.0,8740190.0,650,130
2020-01-05 23:02:39.342000,8743610.0,8740190.0,1400,130
2020-01-05 23:02:39.705000,8743450.0,8739960.0,2750,130
2020-01-05 23:02:39.755000,8743310.0,8739880.0,650,3
2020-01-05 23:02:39.867000,8743310.0,8739820.0,1400,130
2020-01-05 23:02:39.917000,8743120.0,8739710.0,650,3
2020-01-05 23:02:41.336000,8743120.0,8739690.0,1400,130
2020-01-05 23:02:41.387000,8742760.0,8739300.0,2750,130
2020-01-05 23:02:41.898000,8742760.0,8739340.0,1310,3
2020-01-05 23:02:42.073000,8742780.0,8739370.0,1400,130
2020-01-05 23:02:42.123000,8742730.0,8739280.0,1400,130
2020-01-05 23:02:42.397000,8742730.0,8739340.0,1400,130
2020-01-05 23:02:42.556000,8742860.0,8739470.0,1310,3
2020-01-05 23:02:42.607000,8742940.0,8739470.0,1310,1500
2020-01-05 23:02:43.639000,8742940.0,8739360.0,2750,130
2020-01-05 23:02:43.690000,8742880.0,8739360.0,2750,130
2020-01-05 23:02:44.361000,8742880.0,8739360.0,2750,130
2020-01-05 23:02:44.521000,8742710.0,8739330.0,650,3
2020-01-05 23:02:44.764000,8742850.0,8739470.0,1310,3
2020-01-05 23:02:44.814000,8742880.0,8739470.0,650,1500
2020-01-05 23:02:44.923000,8742880.0,8739670.0,650,3
2020-01-05 23:02:44.974000,8743150.0,8739710.0,1400,130
2020-01-05 23:02:45.244000,8743150.0,8739710.0,1400,130
2020-01-05 23:02:45.295000,8742930.0,8739510.0,2750,130
2020-01-05 23:02:46.803000,8742930.0,8739590.0,2750,3
2020-01-05 23:02:47.081000,8742810.0,8739370.0,2750,130
2020-01-05 23:02:47.131000,8742790.0,8739300.0,2750,130
2020-01-05 23:02:47.240000,8742790.0,8739380.0,1310,3
2020-01-05 23:02:47.400000,8742820.0,8739330.0,2750,130
2020-01-05 23:02:47.451000,8742610.0,8739220.0,650,130
2020-01-05 23:02:47.561000,8742610.0,8739240.0,650,3
2020-01-05 23:02:47.611000,8742790.0,8739240.0,2750,2070
2020-01-05 23:02:47.928000,8742790.0,8739240.0,2750,130
2020-01-05 23:02:47.978000,8742460.0,8739010.0,2750,3
2020-01-05 23:02:49.025000,8742460.0,8738970.0,2750,130
2020-01-05 23:02:49.404000,8742100.0,8738890.0,1310,130
2020-01-05 23:02:49.454000,8742260.0,8738810.0,2750,3
2020-01-05 23:02:49.726000,8742260.0,8738880.0,2750,3
2020-01-05 23:02:50.210000,8742320.0,8738900.0,1400,130
2020-01-05 23:02:50.261000,8742110.0,8738680.0,1310,3
2020-01-05 23:02:50.371000,8742110.0,8738670.0,2750,130
2020-01-05 23:02:50.422000,8741910.0,8738690.0,1400,130
2020-01-05 23:02:50.693000,8741910.0,8738690.0,1400,130
2020-01-05 23:02:50.743000,8741880.0,8738370.0,2750,3
2020-01-05 23:02:50.882000,8741880.0,8738510.0,1310,3
2020-01-05 23:02:50.932000,8741900.0,8738510.0,1310,3
2020-01-05 23:02:51.093000,8741900.0,8738720.0,1310,3
2020-01-05 23:02:51.143000,8742010.0,8738750.0,650,130
2020-01-05 23:02:51.415000,8741900.0,8738700.0,650,130
2020-01-05 23:02:51.575000,8741910.0,8738510.0,650,3
2020-01-05 23:02:52.876000,8742140.0,8738900.0,1400,130
2020-01-05 23:02:52.927000,8742140.0,8738900.0,650,130
2020-01-05 23:02:53.041000,8742140.0,8738900.0,1400,130
2020-01-05 23:02:53.092000,8741970.0,8738520.0,2750,3
2020-01-05 23:02:53.197000,8741970.0,8738670.0,1400,130
2020-01-05 23:02:53.247000,8742160.0,8738710.0,1310,3
2020-01-05 23:02:53.359000,8742160.0,8738670.0,2750,130
2020-01-05 23:02:53.409000,8741990.0,8738480.0,2750,3
2020-01-05 23:02:54.320000,8741990.0,8738440.0,2750,130
2020-01-05 23:02:54.475000,8741610.0,8738430.0,650,3
2020-01-05 23:02:54.525000,8741910.0,8738430.0,650,2070
2020-01-05 23:02:54.636000,8741910.0,8738430.0,1400,130
2020-01-05 23:02:54.687000,8741830.0,8738400.0,650,130
2020-01-05 23:02:54.797000,8741830.0,8738400.0,1400,130
2020-01-05 23:02:55.251000,8741700.0,8738410.0,650,3
2020-01-05 23:02:55.302000,8741860.0,8738410.0,1400,3
2020-01-05 23:02:55.431000,8741860.0,8738470.0,650,3
2020-01-05 23:02:55.481000,8741920.0,8738470.0,650,3
2020-01-05 23:02:55.591000,8741920.0,8738700.0,650,3
2020-01-05 23:02:55.641000,8742090.0,8738700.0,650,3
2020-01-05 23:02:55.919000,8742090.0,8738620.0,1400,130
2020-01-05 23:02:55.969000,8741920.0,8738500.0,1400,3
2020-01-05 23:02:56.645000,8741920.0,8738640.0,650,3
2020-01-05 23:02:57.129000,8742150.0,8738720.0,650,3
2020-01-05 23:02:57.179000,8742250.0,8738720.0,2750,3
2020-01-05 23:02:57.291000,8742250.0,8738880.0,1310,3
2020-01-05 23:02:57.341000,8742340.0,8738880.0,2750,3
2020-01-05 23:02:58.899000,8742340.0,8739430.0,1310,3
2020-01-05 23:02:58.950000,8742920.0,8739690.0,650,130
2020-01-05 23:02:59.594000,8742920.0,8739690.0,1400,130
2020-01-05 23:02:59.700000,8742890.0,8739360.0,2750,130
2020-01-05 23:02:59.757000,8742890.0,8739450.0,1310,3
2020-01-05 23:02:59.807000,8742900.0,8739450.0,1310,3
2020-01-05 23:03:00.525000,8742900.0,8739920.0,1310,3
2020-01-05 23:03:00.576000,8743420.0,8739930.0,1400,130
2020-01-05 23:03:00.689000,8743420.0,8740290.0,650,3
2020-01-05 23:03:00.739000,8743740.0,8740300.0,2750,130
2020-01-05 23:03:01.453000,8743740.0,8740300.0,2750,130
2020-01-05 23:03:01.504000,8743400.0,8740200.0,650,3
2020-01-05 23:03:01.612000,8743690.0,8740170.0,2750,3
2020-01-05 23:03:01.933000,8743690.0,8740260.0,1310,3
2020-01-05 23:03:01.984000,8743700.0,8740260.0,650,3
2020-01-05 23:03:03.587000,8743700.0,8740410.0,1400,3
2020-01-05 23:03:03.748000,8743700.0,8740920.0,650,3
2020-01-05 23:03:03.799000,8744470.0,8740930.0,2750,130
2020-01-05 23:03:04.095000,8745090.0,8740930.0,2750,130
2020-01-05 23:03:04.145000,8745090.0,8741710.0,650,3
2020-01-05 23:03:04.482000,8745090.0,8741650.0,1400,130
2020-01-05 23:03:04.533000,8744830.0,8741410.0,1400,3
2020-01-05 23:03:04.644000,8744830.0,8741710.0,650,3
2020-01-05 23:03:04.694000,8745130.0,8741710.0,2750,3
2020-01-05 23:03:04.805000,8745130.0,8741990.0,2750,3
2020-01-05 23:03:05.288000,8745280.0,8741800.0,1400,130
2020-01-05 23:03:05.566000,8744800.0,8741460.0,650,3
2020-01-05 23:03:05.917000,8744900.0,8741490.0,1400,130
2020-01-05 23:03:06.385000,8744780.0,8741710.0,650,3
2020-01-05 23:03:06.435000,8745170.0,8741710.0,2750,3
2020-01-05 23:03:06.548000,8745170.0,8741670.0,2750,130
2020-01-05 23:03:06.632000,8744880.0,8741380.0,2750,130
2020-01-05 23:03:06.706000,8744880.0,8741380.0,2750,130
2020-01-05 23:03:06.757000,8744770.0,8741320.0,2750,130
2020-01-05 23:03:06.867000,8744770.0,8741370.0,1310,3
2020-01-05 23:03:06.918000,8744840.0,8741370.0,650,3
2020-01-05 23:03:07.032000,8744840.0,8741430.0,650,3
2020-01-05 23:03:07.190000,8744910.0,8741700.0,2750,130
2020-01-05 23:03:07.241000,8744800.0,8741330.0,1310,3
2020-01-05 23:03:07.351000,8744800.0,8741850.0,1310,3
2020-01-05 23:03:07.402000,8745330.0,8741850.0,1400,3
2020-01-05 23:03:07.672000,8745330.0,8742190.0,650,3
2020-01-05 23:03:07.722000,8745660.0,8742190.0,2750,3
2020-01-05 23:03:07.895000,8745660.0,8742140.0,2750,130
2020-01-05 23:03:07.945000,8745490.0,8741970.0,2750,130
2020-01-05 23:03:08.057000,8745490.0,8742140.0,1310,3
2020-01-05 23:03:08.108000,8745650.0,8742200.0,1310,130
2020-01-05 23:03:08.379000,8745650.0,8742260.0,1310,3
2020-01-05 23:03:08.539000,8745750.0,8742260.0,2750,130
2020-01-05 23:03:08.589000,8745640.0,8742200.0,650,3
2020-01-05 23:03:08.748000,8745640.0,8742240.0,650,3
2020-01-05 23:03:08.906000,8745690.0,8742340.0,650,3
2020-01-05 23:03:08.986000,8745860.0,8742390.0,1310,130
2020-01-05 23:03:09.064000,8745860.0,8742390.0,2750,130
2020-01-05 23:03:09.114000,8745650.0,8742180.0,2750,130
2020-01-05 23:03:09.224000,8745650.0,8742260.0,1310,3
2020-01-05 23:03:09.274000,8745690.0,8742300.0,650,130
2020-01-05 23:03:09.385000,8745690.0,8742470.0,650,3
2020-01-05 23:03:09.546000,8745940.0,8742690.0,2750,130
2020-01-05 23:03:09.596000,8745610.0,8742190.0,1310,130
2020-01-05 23:03:10.468000,8745610.0,8742310.0,1310,3
2020-01-05 23:03:10.519000,8745720.0,8742310.0,2750,3
2020-01-05 23:03:10.952000,8745720.0,8742310.0,2750,3
2020-01-05 23:03:11.300000,8745690.0,8742390.0,1310,3
2020-01-05 23:03:11.461000,8745840.0,8742770.0,1310,3
2020-01-05 23:03:11.511000,8746270.0,8742810.0,2750,130
2020-01-05 23:03:11.622000,8746270.0,8742810.0,2750,130
2020-01-05 23:03:11.672000,8745700.0,8742500.0,650,2070
2020-01-05 23:03:12.120000,8745700.0,8742650.0,650,3
2020-01-05 23:03:12.170000,8746170.0,8742700.0,2750,130
2020-01-05 23:03:12.281000,8746170.0,8742710.0,1310,3
2020-01-05 23:03:12.331000,8746200.0,8742740.0,650,130
2020-01-05 23:03:12.819000,8746200.0,8742710.0,1310,3
2020-01-05 23:03:12.870000,8746180.0,8742640.0,2750,2070
2020-01-05 23:03:12.972000,8746180.0,8742890.0,1310,3
2020-01-05 23:03:13.023000,8746340.0,8742890.0,1310,2070
2020-01-05 23:03:14.574000,8746340.0,8742950.0,1310,3
2020-01-05 23:03:14.625000,8746450.0,8743010.0,1310,130
2020-01-05 23:03:14.732000,8746450.0,8743010.0,2750,130
2020-01-05 23:03:14.783000,8745980.0,8742500.0,2750,3
2020-01-05 23:03:14.896000,8745980.0,8742640.0,1310,3
2020-01-05 23:03:15.495000,8746190.0,8742680.0,2750,130
2020-01-05 23:03:15.545000,8745910.0,8742700.0,1400,130
2020-01-05 23:03:15.918000,8745910.0,8742700.0,650,130
2020-01-05 23:03:16.078000,8746160.0,8742790.0,1310,3
2020-01-05 23:03:16.128000,8746200.0,8742790.0,2750,1500
2020-01-05 23:03:16.473000,8746200.0,8742970.0,1310,3
2020-01-05 23:03:16.524000,8746420.0,8742970.0,1400,3
2020-01-05 23:03:17.169000,8746420.0,8743090.0,1400,3
2020-01-05 23:03:17.329000,8746110.0,8742860.0,650,130
2020-01-05 23:03:17.379000,8746190.0,8742770.0,650,130
2020-01-05 23:03:17.831000,8746190.0,8742770.0,1400,130
2020-01-05 23:03:17.881000,8745860.0,8742600.0,1400,3
2020-01-05 23:03:18.188000,8745860.0,8742400.0,1400,130
2020-01-05 23:03:18.239000,8745700.0,8742270.0,1310,130
2020-01-05 23:03:18.349000,8745700.0,8742410.0,1310,3
2020-01-05 23:03:18.400000,8745880.0,8742410.0,2750,3
2020-01-05 23:03:18.672000,8745880.0,8742660.0,1310,3
2020-01-05 23:03:18.722000,8746110.0,8742690.0,650,130
2020-01-05 23:03:19.172000,8746110.0,8742350.0,2750,130
2020-01-05 23:03:19.274000,8745880.0,8742350.0,2750,130
2020-01-05 23:03:20.068000,8745880.0,8742350.0,2750,130
2020-01-05 23:03:20.118000,8745760.0,8742280.0,2750,3
2020-01-05 23:03:20.229000,8745760.0,8742270.0,2750,130
2020-01-05 23:03:20.279000,8745630.0,8742210.0,1310,3
2020-01-05 23:03:20.706000,8745630.0,8742290.0,1310,3
2020-01-05 23:03:20.757000,8745780.0,8742290.0,2750,3
2020-01-05 23:03:21.070000,8745780.0,8742350.0,1310,3
2020-01-05 23:03:21.543000,8745880.0,8742330.0,2750,130
2020-01-05 23:03:21.593000,8745720.0,8742280.0,2750,130
2020-01-05 23:03:21.864000,8745720.0,8742280.0,2750,130
2020-01-05 23:03:21.914000,8745450.0,8742000.0,1310,130
2020-01-05 23:03:22.428000,8745450.0,8742000.0,2750,130
2020-01-05 23:03:22.478000,8745140.0,8741720.0,2750,130
2020-01-05 23:03:22.793000,8745140.0,8741720.0,2750,130
2020-01-05 23:03:22.843000,8744800.0,8741400.0,2750,1500
2020-01-05 23:03:23.994000,8744800.0,8741400.0,2750,130
2020-01-05 23:03:24.156000,8744760.0,8741360.0,1310,3
2020-01-05 23:03:24.206000,8744600.0,8741390.0,1310,130
2020-01-05 23:03:24.353000,8744400.0,8741390.0,650,130
2020-01-05 23:03:24.404000,8744400.0,8741000.0,2750,2070
2020-01-05 23:03:24.478000,8744400.0,8741160.0,1310,3
2020-01-05 23:03:24.528000,8744690.0,8741170.0,2750,130
2020-01-05 23:03:24.640000,8744690.0,8741270.0,1310,3
2020-01-05 23:03:24.691000,8744770.0,8741280.0,2750,130
2020-01-05 23:03:24.800000,8744770.0,8741400.0,1310,3
2020-01-05 23:03:24.962000,8744610.0,8741410.0,1400,130
2020-01-05 23:03:25.012000,8744640.0,8741170.0,2750,3
2020-01-05 23:03:25.306000,8744640.0,8741250.0,2750,3
2020-01-05 23:03:25.468000,8744760.0,8741490.0,1310,130
2020-01-05 23:03:25.518000,8744800.0,8741370.0,650,130
2020-01-05 23:03:25.629000,8744800.0,8741370.0,1400,130
2020-01-05 23:03:25.790000,8744610.0,8741390.0,1400,130
2020-01-05 23:03:25.840000,8744420.0,8740990.0,650,130
2020-01-05 23:03:26.719000,8744410.0,8741180.0,650,2070
2020-01-05 23:03:27.303000,8744410.0,8741260.0,650,3
2020-01-05 23:03:27.353000,8744780.0,8741270.0,2750,130
2020-01-05 23:03:27.539000,8744780.0,8741270.0,2750,130
2020-01-05 23:03:27.589000,8744390.0,8741000.0,1400,130
2020-01-05 23:03:28.036000,8744390.0,8741250.0,650,3
2020-01-05 23:03:28.086000,8744760.0,8741310.0,2750,130
2020-01-05 23:03:28.708000,8744760.0,8741310.0,2750,130
2020-01-05 23:03:28.758000,8744670.0,8741190.0,2750,130
2020-01-05 23:03:29.094000,8744670.0,8741410.0,1310,3
2020-01-05 23:03:29.144000,8744820.0,8741410.0,1310,3
2020-01-05 23:03:29.249000,8744820.0,8741350.0,2750,130
2020-01-05 23:03:29.299000,8744610.0,8741150.0,1400,3
2020-01-05 23:03:30.068000,8744610.0,8741120.0,1400,130
2020-01-05 23:03:30.118000,8744200.0,8741000.0,1400,130
2020-01-05 23:03:32.772000,8744200.0,8741320.0,650,3
2020-01-05 23:03:32.822000,8744720.0,8741320.0,650,3
2020-01-05 23:03:32.931000,8744720.0,8741600.0,650,3
2020-01-05 23:03:32.982000,8744830.0,8741600.0,1400,3
2020-01-05 23:03:33.620000,8744830.0,8741890.0,650,3
2020-01-05 23:03:33.671000,8745340.0,8741890.0,1400,3
2020-01-05 23:03:34.908000,8745340.0,8741990.0,650,3
2020-01-05 23:03:35.378000,8745200.0,8742370.0,650,3
2020-01-05 23:03:35.428000,8745880.0,8742370.0,2750,3
2020-01-05 23:03:35.983000,8745880.0,8742320.0,2750,130
2020-01-05 23:03:36.138000,8745730.0,8742390.0,650,3
2020-01-05 23:03:36.300000,8745820.0,8742350.0,2750,130
2020-01-05 23:03:36.350000,8744850.0,8741420.0,2750,130
2020-01-05 23:03:36.462000,8744850.0,8741420.0,2750,130
2020-01-05 23:03:36.512000,8744290.0,8740800.0,2750,130
2020-01-05 23:03:37.238000,8744290.0,8740800.0,2750,130
2020-01-05 23:03:37.288000,8743410.0,8740180.0,650,3
2020-01-05 23:03:38.058000,8743410.0,8740130.0,650,130
2020-01-05 23:03:38.396000,8743380.0,8740110.0,650,3
2020-01-05 23:03:38.558000,8743590.0,8740390.0,1400,130
2020-01-05 23:03:38.608000,8743450.0,8740000.0,2750,130
2020-01-05 23:03:41.755000,8743450.0,8740000.0,2750,130
2020-01-05 23:03:41.806000,8742900.0,8739490.0,1400,3
2020-01-05 23:03:42.078000,8742900.0,8739470.0,1400,130
2020-01-05 23:03:42.129000,8742790.0,8739380.0,1310,3
2020-01-05 23:03:42.239000,8742790.0,8739700.0,1310,3
2020-01-05 23:03:42.289000,8743120.0,8739700.0,650,3
2020-01-05 23:03:42.400000,8743120.0,8739870.0,650,3
2020-01-05 23:03:42.451000,8743310.0,8739870.0,1310,3
2020-01-05 23:03:42.561000,8743310.0,8739850.0,2750,130
2020-01-05 23:03:42.612000,8742950.0,8739520.0,2750,130
2020-01-05 23:03:42.758000,8742950.0,8739590.0,2750,130
2020-01-05 23:03:42.959000,8742800.0,8739590.0,650,130
2020-01-05 23:03:43.636000,8742800.0,8739590.0,1400,130
2020-01-05 23:03:43.687000,8742740.0,8739320.0,1400,3
2020-01-05 23:03:44.122000,8742740.0,8739700.0,650,3
2020-01-05 23:03:44.173000,8742980.0,8739700.0,2750,1500
2020-01-05 23:03:44.339000,8742980.0,8739700.0,2750,130
2020-01-05 23:03:44.427000,8742610.0,8739400.0,1400,130
2020-01-05 23:03:44.500000,8742610.0,8739450.0,650,3
2020-01-05 23:03:44.551000,8742890.0,8739450.0,650,3
2020-01-05 23:03:45.021000,8742890.0,8739800.0,650,3
2020-01-05 23:03:45.072000,8743200.0,8739800.0,1400,3
2020-01-05 23:03:45.980000,8743200.0,8739730.0,1400,130
2020-01-05 23:03:46.031000,8743090.0,8739680.0,650,3
2020-01-05 23:03:46.146000,8743090.0,8739630.0,1400,130
2020-01-05 23:03:46.196000,8742870.0,8739320.0,2750,2070
2020-01-05 23:03:46.301000,8742870.0,8739440.0,1310,3
2020-01-05 23:03:46.463000,8742990.0,8739890.0,1310,3
2020-01-05 23:03:46.514000,8743120.0,8739890.0,2750,3
2020-01-05 23:03:46.624000,8743120.0,8739690.0,2750,130
2020-01-05 23:03:46.683000,8742890.0,8739390.0,2750,3
2020-01-05 23:03:46.786000,8742890.0,8739390.0,2750,3
2020-01-05 23:03:46.948000,8742670.0,8739200.0,1400,130
2020-01-05 23:03:46.999000,8742490.0,8739190.0,2750,1500
2020-01-05 23:03:47.185000,8742490.0,8739190.0,2750,130
2020-01-05 23:03:47.235000,8742340.0,8738910.0,2750,3
2020-01-05 23:03:47.510000,8742340.0,8738890.0,2750,130
2020-01-05 23:03:47.561000,8742260.0,8738800.0,1400,130
2020-01-05 23:03:47.829000,8742260.0,8738800.0,1400,130
2020-01-05 23:03:47.880000,8741950.0,8738700.0,1310,130
2020-01-05 23:03:48.263000,8741950.0,8738700.0,2750,130
2020-01-05 23:03:48.313000,8741880.0,8738410.0,2750,130
2020-01-05 23:03:48.981000,8741710.0,8738410.0,650,130
2020-01-05 23:03:49.032000,8741710.0,8738280.0,650,130
2020-01-05 23:03:49.113000,8741710.0,8738280.0,1400,130
2020-01-05 23:03:49.164000,8741690.0,8738180.0,2750,3
2020-01-05 23:03:49.274000,8741690.0,8737990.0,2750,3
2020-01-05 23:03:49.324000,8741410.0,8737990.0,1400,3
2020-01-05 23:03:49.436000,8741410.0,8738150.0,650,3
2020-01-05 23:03:49.597000,8741600.0,8738160.0,1400,130
2020-01-05 23:03:49.647000,8741300.0,8738100.0,650,3
2020-01-05 23:03:50.339000,8741300.0,8737910.0,1400,130
2020-01-05 23:03:50.390000,8741120.0,8737620.0,2750,2070
2020-01-05 23:03:50.796000,8741120.0,8737620.0,2750,130
2020-01-05 23:03:50.846000,8740900.0,8737470.0,1400,130
2020-01-05 23:03:51.774000,8740900.0,8737620.0,650,3
2020-01-05 23:03:52.287000,8741120.0,8737720.0,1310,3
2020-01-05 23:03:52.337000,8741270.0,8737740.0,2750,130
2020-01-05 23:03:53.490000,8741270.0,8737740.0,2750,130
2020-01-05 23:03:53.540000,8740950.0,8737470.0,1310,3
2020-01-05 23:03:53.809000,8740950.0,8737600.0,2750,3
2020-01-05 23:03:53.971000,8740780.0,8737440.0,650,3
2020-01-05 23:03:54.022000,8740960.0,8737480.0,1400,130
2020-01-05 23:03:54.875000,8740960.0,8737480.0,1400,130
2020-01-05 23:03:54.925000,8740600.0,8737340.0,1400,130
2020-01-05 23:03:55.086000,8740740.0,8737250.0,1400,130
2020-01-05 23:03:55.376000,8740740.0,8737320.0,650,3
2020-01-05 23:03:55.536000,8740790.0,8737320.0,1400,130
2020-01-05 23:03:55.586000,8740610.0,8737150.0,1310,1500
2020-01-05 23:03:55.697000,8740610.0,8737150.0,2750,130
2020-01-05 23:03:56.418000,8740330.0,8737100.0,2750,130
2020-01-05 23:03:56.468000,8740010.0,8736790.0,1310,3
2020-01-05 23:03:56.581000,8740010.0,8736890.0,1310,3
2020-01-05 23:03:56.680000,8740330.0,8736890.0,2750,3
2020-01-05 23:03:56.744000,8740330.0,8736720.0,2750,130
2020-01-05 23:03:57.394000,8739900.0,8736720.0,650,130
2020-01-05 23:03:57.445000,8739920.0,8736500.0,650,130
2020-01-05 23:03:57.720000,8739920.0,8736500.0,1400,130
2020-01-05 23:03:57.770000,8739810.0,8736420.0,650,130
2020-01-05 23:03:57.911000,8739810.0,8736640.0,650,3
2020-01-05 23:03:57.961000,8740150.0,8736670.0,2750,130
2020-01-05 23:03:58.232000,8740150.0,8736810.0,1310,3
2020-01-05 23:03:58.282000,8740270.0,8736810.0,1400,3
2020-01-05 23:03:58.558000,8740270.0,8736700.0,2750,130
2020-01-05 23:03:58.608000,8740110.0,8736700.0,650,130
2020-01-05 23:03:58.716000,8740110.0,8736700.0,1400,130
2020-01-05 23:03:58.766000,8739920.0,8736460.0,1400,130
2020-01-05 23:03:59.038000,8739920.0,8736460.0,1400,130
2020-01-05 23:03:59.198000,8739780.0,8736500.0,1310,130
2020-01-05 23:03:59.360000,8739940.0,8736480.0,2750,130
2020-01-05 23:03:59.411000,8739600.0,8736170.0,1400,3
2020-01-05 23:03:59.713000,8739600.0,8736260.0,650,3
2020-01-05 23:03:59.763000,8739510.0,8736500.0,650,130
2020-01-05 23:04:00.126000,8739620.0,8736390.0,1400,130
2020-01-05 23:04:00.397000,8739620.0,8736390.0,1400,130
2020-01-05 23:04:00.447000,8739390.0,8736190.0,650,130
2020-01-05 23:04:00.555000,8739390.0,8736190.0,1400,130
2020-01-05 23:04:00.606000,8739330.0,8735830.0,2750,2070
2020-01-05 23:04:00.879000,8739330.0,8735830.0,2750,130
2020-01-05 23:04:00.929000,8739290.0,8735760.0,2750,130
2020-01-05 23:04:01.218000,8739140.0,8735760.0,650,130
2020-01-05 23:04:01.268000,8739140.0,8735680.0,1310,3
2020-01-05 23:04:01.364000,8739140.0,8735840.0,1310,3
2020-01-05 23:04:01.414000,8739300.0,8735840.0,650,2070
2020-01-05 23:04:01.805000,8739300.0,8735960.0,650,3
2020-01-05 23:04:01.856000,8739420.0,8735970.0,650,130
2020-01-05 23:04:02.123000,8739420.0,8735970.0,1400,130
2020-01-05 23:04:02.174000,8739370.0,8735860.0,2750,130
2020-01-05 23:04:02.357000,8739370.0,8735930.0,1310,3
2020-01-05 23:04:02.519000,8739390.0,8736400.0,650,3
2020-01-05 23:04:02.569000,8739600.0,8736400.0,1400,3
2020-01-05 23:04:02.730000,8739760.0,8736310.0,1400,130
2020-01-05 23:04:03.173000,8739760.0,8736310.0,1400,130
2020-01-05 23:04:03.224000,8739680.0,8736160.0,2750,130
2020-01-05 23:04:03.372000,8739680.0,8736300.0,1310,3
2020-01-05 23:04:03.423000,8739760.0,8736300.0,2750,3
2020-01-05 23:04:03.905000,8739760.0,8736250.0,2750,130
2020-01-05 23:04:03.955000,8739440.0,8735990.0,1310,130
2020-01-05 23:04:04.067000,8739440.0,8735990.0,2750,130
2020-01-05 23:04:04.117000,8739230.0,8735790.0,1400,130
2020-01-05 23:04:04.529000,8739230.0,8736000.0,1400,130
2020-01-05 23:04:04.580000,8739480.0,8736000.0,2750,130
2020-01-05 23:04:04.689000,8739480.0,8736210.0,1310,3
2020-01-05 23:04:04.850000,8739600.0,8736200.0,1400,3
2020-01-05 23:04:04.902000,8739470.0,8736200.0,1310,3
2020-01-05 23:04:05.375000,8739470.0,8735930.0,2750,130
2020-01-05 23:04:05.426000,8739290.0,8735750.0,2750,3
2020-01-05 23:04:05.697000,8739290.0,8735720.0,2750,130
2020-01-05 23:04:06.075000,8739100.0,8735760.0,1400,3
2020-01-05 23:04:06.126000,8739200.0,8735780.0,1400,130
2020-01-05 23:04:06.251000,8739090.0,8735780.0,650,130
2020-01-05 23:04:06.302000,8739090.0,8735710.0,650,130
2020-01-05 23:04:06.729000,8739090.0,8735710.0,1400,130
2020-01-05 23:04:06.779000,8738910.0,8735500.0,1310,130
2020-01-05 23:04:06.889000,8738910.0,8735500.0,2750,130
2020-01-05 23:04:06.940000,8738850.0,8735380.0,1400,3
2020-01-05 23:04:07.220000,8738850.0,8735270.0,2750,3
2020-01-05 23:04:07.270000,8738770.0,8735270.0,2750,3
2020-01-05 23:04:07.372000,8738770.0,8735220.0,2750,130
2020-01-05 23:04:07.423000,8738340.0,8734810.0,1400,2070
2020-01-05 23:04:07.855000,8738340.0,8735490.0,650,3
2020-01-05 23:04:07.905000,8738700.0,8735490.0,650,3
2020-01-05 23:04:08.015000,8738700.0,8735210.0,1400,130
2020-01-05 23:04:08.065000,8738390.0,8734860.0,2750,130
2020-01-05 23:04:08.176000,8738390.0,8734860.0,2750,130
2020-01-05 23:04:08.227000,8738210.0,8734780.0,650,3
2020-01-05 23:04:08.338000,8738210.0,8734770.0,1400,130
2020-01-05 23:04:08.707000,8738170.0,8734630.0,2750,130
2020-01-05 23:04:08.757000,8737980.0,8734510.0,2750,130
2020-01-05 23:04:08.867000,8737980.0,8734510.0,2750,130
2020-01-05 23:04:08.917000,8737770.0,8734300.0,2750,3
2020-01-05 23:04:09.028000,8737770.0,8734280.0,2750,130
2020-01-05 23:04:09.078000,8737390.0,8734020.0,650,3
2020-01-05 23:04:09.958000,8737390.0,8734100.0,1400,3
2020-01-05 23:04:10.279000,8737310.0,8733890.0,2750,130
2020-01-05 23:04:10.330000,8736580.0,8733180.0,1310,3
2020-01-05 23:04:10.899000,8736580.0,8733280.0,1310,3
2020-01-05 23:04:10.950000,8736700.0,8733310.0,2750,130
2020-01-05 23:04:11.063000,8736700.0,8733310.0,2750,130
2020-01-05 23:04:11.113000,8736580.0,8733180.0,650,130
2020-01-05 23:04:11.378000,8736580.0,8733180.0,1400,130
2020-01-05 23:04:11.429000,8736360.0,8732890.0,2750,3
2020-01-05 23:04:11.704000,8736360.0,8732760.0,2750,130
2020-01-05 23:04:11.754000,8736260.0,8732760.0,2750,130
2020-01-05 23:04:11.861000,8736260.0,8732810.0,1310,3
2020-01-05 23:04:11.911000,8736340.0,8732830.0,2750,130
2020-01-05 23:04:12.717000,8736340.0,8733220.0,650,130
2020-01-05 23:04:12.767000,8736630.0,8733220.0,1310,130
2020-01-05 23:04:12.878000,8736630.0,8732750.0,2750,130
2020-01-05 23:04:12.928000,8736240.0,8732750.0,650,130
2020-01-05 23:04:13.039000,8736240.0,8732750.0,1400,130
2020-01-05 23:04:13.090000,8736090.0,8732700.0,650,3
2020-01-05 23:04:14.241000,8736090.0,8732720.0,650,3
2020-01-05 23:04:14.292000,8736280.0,8732720.0,2750,3
2020-01-05 23:04:14.403000,8736280.0,8732710.0,2750,130
2020-01-05 23:04:14.454000,8736130.0,8732660.0,1400,130
2020-01-05 23:04:15.617000,8736130.0,8732780.0,650,3
2020-01-05 23:04:15.667000,8736270.0,8732780.0,2750,3
2020-01-05 23:04:16.432000,8736270.0,8732870.0,1310,3
2020-01-05 23:04:16.482000,8736340.0,8732870.0,2750,2070
2020-01-05 23:04:16.590000,8736340.0,8732870.0,2750,130
2020-01-05 23:04:16.640000,8735400.0,8732130.0,1400,3
2020-01-05 23:04:17.288000,8735400.0,8732300.0,650,3
2020-01-05 23:04:17.338000,8735740.0,8732300.0,2750,3
2020-01-05 23:04:17.446000,8735740.0,8732210.0,2750,130
2020-01-05 23:04:17.496000,8735670.0,8732200.0,2750,2070
2020-01-05 23:04:17.608000,8735670.0,8732200.0,2750,2070
2020-01-05 23:04:17.658000,8735430.0,8732200.0,650,3
2020-01-05 23:04:17.983000,8735430.0,8732300.0,650,130
2020-01-05 23:04:18.034000,8735760.0,8732300.0,1400,130
2020-01-05 23:04:18.462000,8735760.0,8732300.0,1400,130
2020-01-05 23:04:18.513000,8735660.0,8732190.0,1310,3
2020-01-05 23:04:18.623000,8735660.0,8732180.0,2750,130
2020-01-05 23:04:18.674000,8735350.0,8731890.0,2750,130
2020-01-05 23:04:18.785000,8735350.0,8731990.0,2750,3
2020-01-05 23:04:19.751000,8735420.0,8731950.0,2750,130
2020-01-05 23:04:19.912000,8735190.0,8732010.0,650,3
2020-01-05 23:04:19.962000,8735390.0,8732010.0,1400,3
2020-01-05 23:04:20.395000,8735390.0,8731980.0,1400,130
2020-01-05 23:04:21.210000,8735340.0,8732300.0,650,3
2020-01-05 23:04:21.261000,8735760.0,8732300.0,1400,3
2020-01-05 23:04:21.368000,8735760.0,8732190.0,2750,130
2020-01-05 23:04:21.419000,8735670.0,8732190.0,2750,130
2020-01-05 23:04:21.527000,8735670.0,8732220.0,1310,3
2020-01-05 23:04:21.578000,8735780.0,8732290.0,2750,130
2020-01-05 23:04:21.689000,8735780.0,8732290.0,2750,130
2020-01-05 23:04:21.740000,8735630.0,8732160.0,2750,3
2020-01-05 23:04:21.848000,8735630.0,8732290.0,1310,3
2020-01-05 23:04:21.899000,8735730.0,8732290.0,650,3
2020-01-05 23:04:22.009000,8735730.0,8732240.0,1400,130
2020-01-05 23:04:22.060000,8735580.0,8732190.0,1310,3
2020-01-05 23:04:22.170000,8735580.0,8732110.0,2750,130
2020-01-05 23:04:22.220000,8735010.0,8731820.0,1400,130
2020-01-05 23:04:22.560000,8735010.0,8732120.0,650,3
2020-01-05 23:04:22.610000,8735620.0,8732160.0,1310,130
2020-01-05 23:04:23.205000,8735620.0,8732160.0,2750,130
2020-01-05 23:04:23.255000,8735400.0,8731990.0,650,3
2020-01-05 23:04:23.549000,8735400.0,8732150.0,1400,3
2020-01-05 23:04:23.867000,8735680.0,8732140.0,2750,130
2020-01-05 23:04:23.917000,8735440.0,8732020.0,1310,3
2020-01-05 23:04:24.189000,8735440.0,8732150.0,1310,3
2020-01-05 23:04:24.239000,8735630.0,8732150.0,2750,2070
2020-01-05 23:04:24.505000,8735630.0,8732290.0,1310,3
2020-01-05 23:04:24.555000,8735730.0,8732290.0,650,3
2020-01-05 23:04:24.658000,8735730.0,8732270.0,1400,130
2020-01-05 23:04:24.709000,8735610.0,8732220.0,2750,3
2020-01-05 23:04:24.820000,8735610.0,8732200.0,2750,130
2020-01-05 23:04:24.870000,8735380.0,8731890.0,2750,130
2020-01-05 23:04:24.980000,8735380.0,8732140.0,1310,3
2020-01-05 23:04:25.141000,8735680.0,8732130.0,2750,130
2020-01-05 23:04:25.192000,8735360.0,8731820.0,2750,2070
2020-01-05 23:04:25.468000,8735360.0,8731820.0,2750,130
2020-01-05 23:04:25.518000,8735200.0,8731770.0,1310,3
2020-01-05 23:04:26.242000,8735200.0,8731740.0,2750,130
2020-01-05 23:04:26.292000,8734800.0,8731410.0,2750,130
2020-01-05 23:04:26.784000,8734800.0,8731410.0,2750,130
2020-01-05 23:04:26.834000,8734790.0,8731300.0,2750,3
2020-01-05 23:04:26.941000,8734790.0,8731270.0,2750,130
2020-01-05 23:04:27.102000,8734590.0,8731170.0,1400,130
2020-01-05 23:04:27.152000,8734320.0,8730850.0,650,3
2020-01-05 23:04:27.264000,8734320.0,8731130.0,650,3
2020-01-05 23:04:27.314000,8734670.0,8731130.0,2750,3
2020-01-05 23:04:27.433000,8734670.0,8731120.0,2750,130
2020-01-05 23:04:27.483000,8734320.0,8730900.0,2750,3
2020-01-05 23:04:27.588000,8734320.0,8730980.0,650,3
2020-01-05 23:04:27.638000,8734380.0,8730980.0,650,3
2020-01-05 23:04:27.964000,8734380.0,8730930.0,1400,130
2020-01-05 23:04:28.014000,8734390.0,8730870.0,2750,3
2020-01-05 23:04:28.124000,8734390.0,8730850.0,2750,130
2020-01-05 23:04:28.450000,8734120.0,8730890.0,1400,130
2020-01-05 23:04:28.501000,8734230.0,8730810.0,1400,130
2020-01-05 23:04:28.608000,8734230.0,8730890.0,650,3
2020-01-05 23:04:28.659000,8734380.0,8730890.0,2750,1500
2020-01-05 23:04:29.143000,8734380.0,8730470.0,2750,2070
2020-01-05 23:04:29.193000,8733900.0,8730470.0,650,2070
2020-01-05 23:04:29.301000,8733900.0,8730470.0,1400,130
2020-01-05 23:04:29.352000,8733870.0,8730400.0,2750,130
2020-01-05 23:04:29.624000,8733870.0,8730520.0,1310,3
2020-01-05 23:04:29.674000,8733980.0,8730520.0,2750,3
2020-01-05 23:04:29.765000,8733980.0,8732770.0,1310,3
2020-01-05 23:04:29.816000,8736190.0,8732770.0,650,2070
2020-01-05 23:04:29.927000,8736190.0,8732940.0,650,3
2020-01-05 23:04:30.087000,8736200.0,8733000.0,1400,3
2020-01-05 23:04:30.137000,8736000.0,8733000.0,1400,3
2020-01-05 23:04:30.297000,8736090.0,8732650.0,650,130
2020-01-05 23:04:30.408000,8736090.0,8732810.0,650,3
2020-01-05 23:04:30.459000,8736270.0,8732810.0,2750,1500
2020-01-05 23:04:30.570000,8736270.0,8732660.0,2750,2070
2020-01-05 23:04:30.621000,8736180.0,8732660.0,2750,1500
2020-01-05 23:04:30.730000,8736180.0,8732770.0,2750,3
2020-01-05 23:04:31.350000,8736280.0,8732910.0,1310,3
2020-01-05 23:04:31.401000,8736290.0,8732910.0,650,3
2020-01-05 23:04:31.672000,8736290.0,8733120.0,650,3
2020-01-05 23:04:31.723000,8736660.0,8733160.0,2750,130
2020-01-05 23:04:31.833000,8736660.0,8733270.0,1310,3
2020-01-05 23:04:31.884000,8736720.0,8733270.0,1400,3
2020-01-05 23:04:31.995000,8736720.0,8733250.0,1400,130
2020-01-05 23:04:32.045000,8736600.0,8733200.0,650,3
2020-01-05 23:04:32.320000,8736600.0,8733180.0,1400,130
2020-01-05 23:04:32.371000,8736420.0,8732960.0,2750,3
2020-01-05 23:04:32.475000,8736420.0,8733100.0,2750,3
2020-01-05 23:04:32.525000,8736330.0,8733100.0,2750,3
2020-01-05 23:04:32.638000,8736330.0,8732840.0,2750,130
2020-01-05 23:04:32.689000,8736280.0,8732810.0,2750,3
2020-01-05 23:04:33.067000,8736280.0,8733200.0,1310,3
2020-01-05 23:04:33.118000,8736590.0,8733210.0,1400,130
2020-01-05 23:04:33.228000,8736590.0,8733210.0,1400,130
2020-01-05 23:04:33.278000,8736340.0,8732910.0,650,130
2020-01-05 23:04:33.389000,8736340.0,8733130.0,650,3
2020-01-05 23:04:33.439000,8736410.0,8733130.0,650,3
2020-01-05 23:04:33.550000,8736410.0,8733510.0,650,3
2020-01-05 23:04:33.601000,8736710.0,8733510.0,650,3
2020-01-05 23:04:33.712000,8736710.0,8733420.0,1400,130
2020-01-05 23:04:33.762000,8736790.0,8733400.0,1400,130
2020-01-05 23:04:33.879000,8736790.0,8733400.0,1400,130
2020-01-05 23:04:33.929000,8736200.0,8732780.0,650,3
2020-01-05 23:04:34.035000,8736200.0,8732860.0,650,3
2020-01-05 23:04:34.197000,8736280.0,8733180.0,650,3
2020-01-05 23:04:34.247000,8736670.0,8733180.0,1310,3
2020-01-05 23:04:34.519000,8736670.0,8733390.0,1310,3
2020-01-05 23:04:34.569000,8736890.0,8733390.0,2750,3
2020-01-05 23:04:34.680000,8736890.0,8733680.0,1310,3
2020-01-05 23:04:34.731000,8737130.0,8733680.0,2750,3
2020-01-05 23:04:34.840000,8737130.0,8733670.0,2750,130
2020-01-05 23:04:35.314000,8736890.0,8733700.0,1400,130
2020-01-05 23:04:35.364000,8736080.0,8732640.0,1310,3
2020-01-05 23:04:35.861000,8736080.0,8732610.0,2750,130
2020-01-05 23:04:35.912000,8735760.0,8732260.0,2750,130
2020-01-05 23:04:36.680000,8735760.0,8732260.0,2750,130
2020-01-05 23:04:36.730000,8735430.0,8731990.0,1310,3
2020-01-05 23:04:37.617000,8735430.0,8732770.0,650,130
2020-01-05 23:04:37.670000,8736280.0,8733000.0,2750,3
2020-01-05 23:04:39.284000,8736280.0,8733090.0,1310,3
2020-01-05 23:04:39.335000,8736360.0,8733090.0,2750,3
2020-01-05 23:04:40.243000,8736360.0,8733630.0,1310,3
2020-01-05 23:04:40.293000,8737130.0,8733670.0,2750,130
2020-01-05 23:04:40.400000,8737130.0,8733670.0,2750,130
2020-01-05 23:04:40.451000,8736970.0,8733470.0,2750,130
2020-01-05 23:04:40.562000,8736970.0,8733700.0,1310,3
2020-01-05 23:04:40.888000,8737080.0,8733800.0,650,3
2020-01-05 23:04:40.938000,8737200.0,8733800.0,650,3
2020-01-05 23:04:41.072000,8737200.0,8734190.0,650,3
2020-01-05 23:04:41.122000,8737590.0,8734190.0,650,3
2020-01-05 23:04:41.541000,8737590.0,8734230.0,1400,3
2020-01-05 23:04:41.700000,8737690.0,8734890.0,650,3
2020-01-05 23:04:41.751000,8738280.0,8734890.0,650,1500
2020-01-05 23:04:42.419000,8738280.0,8735020.0,650,3
2020-01-05 23:04:42.469000,8738450.0,8735020.0,2750,3
2020-01-05 23:04:42.574000,8738450.0,8735400.0,1310,3
2020-01-05 23:04:42.624000,8738850.0,8735400.0,2750,3
2020-01-05 23:04:42.843000,8738850.0,8735350.0,2750,130
2020-01-05 23:04:42.893000,8738740.0,8735280.0,1400,130
2020-01-05 23:04:42.999000,8738740.0,8735280.0,1400,130
2020-01-05 23:04:43.199000,8738310.0,8734910.0,2750,130
2020-01-05 23:04:43.467000,8738310.0,8735240.0,1310,3
2020-01-05 23:04:43.518000,8738750.0,8735290.0,2750,130
2020-01-05 23:04:43.629000,8738750.0,8735330.0,1310,3
2020-01-05 23:04:43.679000,8738790.0,8735330.0,650,2070
2020-01-05 23:04:44.021000,8738710.0,8735500.0,650,130
2020-01-05 23:04:44.131000,8738710.0,8735670.0,650,3
2020-01-05 23:04:44.181000,8738910.0,8735670.0,650,3
2020-01-05 23:04:44.703000,8738910.0,8736120.0,650,3
2020-01-05 23:04:44.753000,8739650.0,8736180.0,1310,130
2020-01-05 23:04:44.863000,8739650.0,8736180.0,2750,130
2020-01-05 23:04:45.025000,8739200.0,8736200.0,650,130
2020-01-05 23:04:45.076000,8739310.0,8735870.0,1310,130
2020-01-05 23:04:45.186000,8739310.0,8736200.0,1310,3
2020-01-05 23:04:45.236000,8739630.0,8736200.0,2750,1500
2020-01-05 23:04:45.348000,8739630.0,8736200.0,2750,130
2020-01-05 23:04:45.399000,8739010.0,8735820.0,650,3
2020-01-05 23:04:45.510000,8739010.0,8736190.0,650,3
2020-01-05 23:04:45.560000,8739670.0,8736210.0,2750,130
2020-01-05 23:04:46.489000,8739670.0,8736250.0,2750,3
2020-01-05 23:04:46.650000,8739720.0,8736880.0,650,3
2020-01-05 23:04:46.701000,8740330.0,8736880.0,1400,3
2020-01-05 23:04:46.971000,8740330.0,8736930.0,1400,3
2020-01-05 23:04:47.132000,8740430.0,8737130.0,1310,3
2020-01-05 23:04:47.183000,8740620.0,8737170.0,1310,130
2020-01-05 23:04:47.293000,8740620.0,8737170.0,2750,130
2020-01-05 23:04:47.344000,8740290.0,8736890.0,650,3
2020-01-05 23:04:47.455000,8740290.0,8736850.0,1400,130
2020-01-05 23:04:47.505000,8740210.0,8736780.0,1400,130
2020-01-05 23:04:47.616000,8740210.0,8737620.0,650,3
2020-01-05 23:04:47.666000,8741120.0,8737620.0,650,3
2020-01-05 23:04:47.775000,8741120.0,8737610.0,1400,130
2020-01-05 23:04:47.826000,8740590.0,8737210.0,1400,3
2020-01-05 23:04:47.935000,8740590.0,8737330.0,650,3
2020-01-05 23:04:47.985000,8740790.0,8737330.0,650,2070
2020-01-05 23:04:48.277000,8740790.0,8737650.0,650,3
2020-01-05 23:04:48.327000,8741140.0,8737690.0,2750,130
2020-01-05 23:04:48.438000,8741140.0,8737690.0,2750,130
2020-01-05 23:04:48.489000,8740940.0,8737500.0,650,3
2020-01-05 23:04:48.601000,8740940.0,8737640.0,650,3
2020-01-05 23:04:48.763000,8741170.0,8737900.0,2750,130
2020-01-05 23:04:48.813000,8737850.0,8734400.0,1310,130
2020-01-05 23:04:48.959000,8737850.0,8734860.0,1310,3
2020-01-05 23:04:49.009000,8738310.0,8734860.0,650,3
2020-01-05 23:04:49.287000,8738310.0,8734980.0,1400,3
2020-01-05 23:04:49.438000,8738440.0,8737250.0,1310,3
2020-01-05 23:04:49.489000,8740680.0,8737250.0,650,3
2020-01-05 23:04:49.602000,8740680.0,8737220.0,1400,130
2020-01-05 23:04:49.652000,8740310.0,8736830.0,1400,2070
2020-01-05 23:04:49.759000,8740310.0,8736830.0,1400,130
2020-01-05 23:04:49.859000,8740230.0,8736820.0,650,130
2020-01-05 23:04:49.972000,8739910.0,8736470.0,1310,130
2020-01-05 23:04:50.686000,8739910.0,8736610.0,1310,3
2020-01-05 23:04:50.845000,8740100.0,8736890.0,1310,130
2020-01-05 23:04:50.896000,8740260.0,8736790.0,1310,3
2020-01-05 23:04:51.007000,8740260.0,8737410.0,1310,3
2020-01-05 23:04:51.058000,8740860.0,8737410.0,1400,3
2020-01-05 23:04:51.170000,8740860.0,8737330.0,1400,130
2020-01-05 23:04:51.221000,8740410.0,8737190.0,1400,130
2020-01-05 23:04:51.553000,8740410.0,8737190.0,650,130
2020-01-05 23:04:51.604000,8740680.0,8737170.0,2750,3
2020-01-05 23:04:51.947000,8740680.0,8737110.0,2750,130
2020-01-05 23:04:52.645000,8740440.0,8737010.0,2750,130
2020-01-05 23:04:52.696000,8740300.0,8736900.0,650,1500
2020-01-05 23:04:52.835000,8740300.0,8736900.0,1400,130
2020-01-05 23:04:52.885000,8740220.0,8736800.0,2750,1500
2020-01-05 23:04:52.994000,8740220.0,8736800.0,2750,130
2020-01-05 23:04:53.044000,8739880.0,8736520.0,650,2070
2020-01-05 23:04:53.318000,8739880.0,8736850.0,650,3
2020-01-05 23:04:53.368000,8740340.0,8736920.0,2750,130
2020-01-05 23:04:54.131000,8740340.0,8736920.0,2750,130
2020-01-05 23:04:54.182000,8739930.0,8736460.0,650,130
2020-01-05 23:04:54.708000,8739930.0,8736460.0,1400,130
2020-01-05 23:04:54.758000,8739790.0,8736370.0,650,130
2020-01-05 23:04:54.868000,8739790.0,8736370.0,1400,130
2020-01-05 23:04:54.918000,8739760.0,8736300.0,2750,130
2020-01-05 23:04:55.028000,8739760.0,8736300.0,2750,130
2020-01-05 23:04:55.078000,8739380.0,8736010.0,650,3
2020-01-05 23:04:55.433000,8739380.0,8735920.0,1400,130
2020-01-05 23:04:55.797000,8739360.0,8736160.0,1310,3
2020-01-05 23:04:55.847000,8739690.0,8736200.0,2750,130
2020-01-05 23:04:57.043000,8739690.0,8736690.0,1310,3
2020-01-05 23:04:57.093000,8739970.0,8736690.0,1310,3
2020-01-05 23:04:57.696000,8739970.0,8736460.0,2750,130
2020-01-05 23:04:57.746000,8739650.0,8736180.0,650,3
2020-01-05 23:04:58.018000,8739650.0,8736250.0,650,3
2020-01-05 23:04:58.068000,8739720.0,8736260.0,650,130
2020-01-05 23:04:58.449000,8739720.0,8737000.0,650,3
2020-01-05 23:04:58.499000,8740450.0,8737000.0,2750,3
2020-01-05 23:04:59.590000,8740450.0,8737140.0,1310,3
2020-01-05 23:05:00.468000,8740590.0,8737490.0,650,3
2020-01-05 23:05:00.519000,8740750.0,8737490.0,2750,3
2020-01-05 23:05:01.223000,8740750.0,8737610.0,1310,3
2020-01-05 23:05:01.274000,8741120.0,8737690.0,650,130
2020-01-05 23:05:01.747000,8741120.0,8737800.0,650,130
2020-01-05 23:05:01.798000,8741180.0,8737800.0,1400,130
2020-01-05 23:05:01.899000,8741180.0,8738330.0,650,3
2020-01-05 23:05:01.950000,8741890.0,8738380.0,2750,130
2020-01-05 23:05:02.062000,8741890.0,8738700.0,1310,3
2020-01-05 23:05:02.112000,8742140.0,8738700.0,2750,3
2020-01-05 23:05:02.231000,8742140.0,8738690.0,2750,130
2020-01-05 23:05:02.281000,8741960.0,8738480.0,1400,3
2020-01-05 23:05:02.728000,8741960.0,8738640.0,650,3
2020-01-05 23:05:03.076000,8742130.0,8738620.0,2750,130
2020-01-05 23:05:03.126000,8741460.0,8738190.0,1400,3
2020-01-05 23:05:03.235000,8741460.0,8738160.0,650,3
2020-01-05 23:05:03.286000,8741640.0,8738400.0,1400,130
2020-01-05 23:05:03.558000,8741640.0,8738400.0,650,130
2020-01-05 23:05:04.250000,8741720.0,8738410.0,650,3
2020-01-05 23:05:04.301000,8741840.0,8738410.0,1400,3
2020-01-05 23:05:04.412000,8741840.0,8738360.0,1400,130
2020-01-05 23:05:04.462000,8741440.0,8738010.0,2750,3
2020-01-05 23:05:04.756000,8741440.0,8737920.0,2750,130
2020-01-05 23:05:04.806000,8741290.0,8737730.0,2750,3
2020-01-05 23:05:04.917000,8741290.0,8737960.0,1310,3
2020-01-05 23:05:04.967000,8741400.0,8737960.0,1310,3
2020-01-05 23:05:05.083000,8741400.0,8737940.0,2750,130
2020-01-05 23:05:05.134000,8740900.0,8737690.0,650,130
2020-01-05 23:05:05.287000,8741140.0,8737650.0,2750,130
2020-01-05 23:05:05.397000,8741140.0,8737650.0,2750,130
2020-01-05 23:05:05.448000,8740910.0,8737470.0,2750,3
2020-01-05 23:05:05.934000,8740910.0,8737450.0,2750,130
2020-01-05 23:05:05.984000,8740810.0,8737350.0,2750,130
2020-01-05 23:05:06.302000,8740810.0,8737350.0,2750,130
2020-01-05 23:05:06.392000,8740770.0,8737290.0,2750,130
2020-01-05 23:05:07.104000,8740770.0,8737290.0,2750,130
2020-01-05 23:05:07.154000,8740680.0,8737200.0,2750,1500
2020-01-05 23:05:07.796000,8740680.0,8737280.0,1310,3
2020-01-05 23:05:07.846000,8740790.0,8737280.0,2750,3
2020-01-05 23:05:09.067000,8740790.0,8737220.0,2750,2070
2020-01-05 23:05:09.117000,8740620.0,8737220.0,650,3
2020-01-05 23:05:09.307000,8740620.0,8737170.0,1400,130
2020-01-05 23:05:09.357000,8740440.0,8737020.0,1400,3
2020-01-05 23:05:09.632000,8740440.0,8737400.0,650,3
2020-01-05 23:05:09.682000,8740600.0,8737400.0,650,3
2020-01-05 23:05:10.058000,8740600.0,8737220.0,1400,130
2020-01-05 23:05:10.109000,8740480.0,8737010.0,2750,3
2020-01-05 23:05:10.218000,8740480.0,8737170.0,1310,3
2020-01-05 23:05:10.269000,8740640.0,8737170.0,650,1500
2020-01-05 23:05:10.602000,8740640.0,8737170.0,1400,130
2020-01-05 23:05:10.652000,8740470.0,8736950.0,2750,130
2020-01-05 23:05:10.762000,8740470.0,8736950.0,2750,130
2020-01-05 23:05:10.928000,8740350.0,8737100.0,2750,130
2020-01-05 23:05:10.978000,8740220.0,8736800.0,2750,3
2020-01-05 23:05:11.359000,8740220.0,8736730.0,2750,130
2020-01-05 23:05:11.409000,8740180.0,8736650.0,2750,3
2020-01-05 23:05:11.680000,8740180.0,8736780.0,650,130
2020-01-05 23:05:12.818000,8740210.0,8736860.0,1400,3
2020-01-05 23:05:14.574000,8740430.0,8736870.0,2750,130
2020-01-05 23:05:14.625000,8740430.0,8736980.0,650,3
2020-01-05 23:05:17.397000,8740430.0,8736940.0,1400,130
2020-01-05 23:05:17.448000,8740350.0,8736910.0,2750,130
2020-01-05 23:05:17.559000,8740350.0,8736910.0,2750,130
2020-01-05 23:05:17.610000,8740250.0,8736810.0,1400,130
2020-01-05 23:05:17.724000,8740250.0,8736300.0,2750,3
2020-01-05 23:05:17.775000,8739740.0,8736300.0,1400,3
2020-01-05 23:05:18.043000,8739740.0,8736370.0,1400,3
2020-01-05 23:05:18.204000,8739870.0,8736340.0,2750,130
2020-01-05 23:05:18.255000,8739690.0,8736260.0,650,130
2020-01-05 23:05:18.541000,8739690.0,8736260.0,1400,130
2020-01-05 23:05:18.591000,8738950.0,8735520.0,1310,3
2020-01-05 23:05:18.881000,8738950.0,8736180.0,1310,3
2020-01-05 23:05:18.932000,8739600.0,8736200.0,1400,130
2020-01-05 23:05:19.071000,8739600.0,8736200.0,1400,130
2020-01-05 23:05:19.121000,8739250.0,8735770.0,1400,130
2020-01-05 23:05:20.300000,8739250.0,8735960.0,650,3
2020-01-05 23:05:20.461000,8739480.0,8736200.0,2750,130
2020-01-05 23:05:20.511000,8739390.0,8735900.0,2750,130
2020-01-05 23:05:20.621000,8739390.0,8735960.0,1310,3
2020-01-05 23:05:20.672000,8739470.0,8735990.0,2750,130
2020-01-05 23:05:21.369000,8739470.0,8735990.0,2750,130
2020-01-05 23:05:21.419000,8739080.0,8735680.0,650,3
2020-01-05 23:05:23.423000,8739080.0,8735820.0,650,3
2020-01-05 23:05:23.583000,8739010.0,8735810.0,650,130
2020-01-05 23:05:23.633000,8739170.0,8735660.0,650,130
2020-01-05 23:05:23.937000,8739170.0,8735820.0,650,3
2020-01-05 23:05:23.988000,8739280.0,8735820.0,2750,3
2020-01-05 23:05:24.098000,8739280.0,8736010.0,1310,3
2020-01-05 23:05:24.149000,8739460.0,8736010.0,1400,2070
2020-01-05 23:05:24.887000,8739460.0,8736220.0,650,3
2020-01-05 23:05:24.937000,8739660.0,8736220.0,2750,3
2020-01-05 23:05:26.750000,8739660.0,8736150.0,2750,130
2020-01-05 23:05:26.800000,8739370.0,8735880.0,2750,1500
2020-01-05 23:05:28.507000,8739370.0,8736290.0,1310,3
2020-01-05 23:05:28.557000,8739760.0,8736290.0,2750,3
2020-01-05 23:05:28.721000,8739810.0,8736370.0,650,3
2020-01-05 23:05:28.919000,8739810.0,8736510.0,650,3
2020-01-05 23:05:28.969000,8739910.0,8736510.0,2750,3
2020-01-05 23:05:29.075000,8739910.0,8736440.0,2750,130
2020-01-05 23:05:29.126000,8739880.0,8736360.0,1400,3
2020-01-05 23:05:29.421000,8739880.0,8736450.0,650,3
2020-01-05 23:05:29.586000,8739940.0,8736640.0,1310,3
2020-01-05 23:05:29.936000,8740110.0,8736640.0,1310,3
2020-01-05 23:05:29.986000,8739950.0,8736520.0,1310,130
2020-01-05 23:05:30.100000,8739950.0,8736660.0,1310,3
2020-01-05 23:05:30.593000,8740110.0,8736740.0,650,3
2020-01-05 23:05:30.643000,8740210.0,8736800.0,1310,130
2020-01-05 23:05:30.753000,8740210.0,8736800.0,2750,130
2020-01-05 23:05:30.803000,8740120.0,8736670.0,2750,130
2020-01-05 23:05:30.914000,8740120.0,8736810.0,1310,3
2020-01-05 23:05:30.964000,8740230.0,8736810.0,1400,3
2020-01-05 23:05:31.076000,8740230.0,8736870.0,1400,130
2020-01-05 23:05:31.627000,8740100.0,8737190.0,650,3
2020-01-05 23:05:31.677000,8740440.0,8737190.0,650,3
2020-01-05 23:05:31.961000,8740440.0,8736940.0,1400,130
2020-01-05 23:05:32.011000,8739710.0,8736250.0,1310,3
2020-01-05 23:05:32.122000,8739710.0,8736390.0,2750,3
2020-01-05 23:05:32.173000,8739580.0,8736390.0,650,1500
2020-01-05 23:05:32.334000,8739740.0,8736320.0,1310,3
2020-01-05 23:05:39.440000,8739740.0,8737000.0,1310,3
2020-01-05 23:05:39.491000,8740410.0,8737010.0,1310,130
2020-01-05 23:05:44.120000,8740410.0,8737010.0,2750,130
2020-01-05 23:05:44.282000,8740190.0,8736950.0,650,3
2020-01-05 23:05:44.332000,8740430.0,8736950.0,2750,3
2020-01-05 23:05:45.183000,8740430.0,8737310.0,1310,3
2020-01-05 23:05:45.234000,8740740.0,8737310.0,2750,3
2020-01-05 23:05:46.268000,8740740.0,8737280.0,2750,130
2020-01-05 23:05:46.319000,8740390.0,8736900.0,2750,130
2020-01-05 23:05:46.431000,8740390.0,8736900.0,2750,130
2020-01-05 23:05:46.481000,8740000.0,8736800.0,650,130
2020-01-05 23:05:47.165000,8740000.0,8737200.0,650,3
2020-01-05 23:05:47.215000,8740440.0,8737200.0,2750,3
2020-01-05 23:05:47.326000,8740440.0,8736970.0,2750,130
2020-01-05 23:05:48.324000,8740360.0,8736940.0,1310,3
2020-01-05 23:05:48.997000,8740430.0,8737120.0,2750,3
2020-01-05 23:05:49.158000,8740640.0,8737140.0,1400,130
2020-01-05 23:05:49.627000,8740400.0,8737100.0,1400,3
2020-01-05 23:05:50.448000,8740330.0,8737210.0,1310,3
2020-01-05 23:05:50.499000,8740640.0,8737210.0,2750,3
2020-01-05 23:05:50.652000,8740500.0,8737270.0,1400,2070
2020-01-05 23:05:53.528000,8740620.0,8737170.0,1400,3
2020-01-05 23:05:54.158000,8740620.0,8737110.0,1400,130
2020-01-05 23:05:54.208000,8740290.0,8736810.0,2750,130
2020-01-05 23:05:56.676000,8740290.0,8737010.0,1310,3
2020-01-05 23:05:56.726000,8740470.0,8737010.0,2750,3
2020-01-05 23:05:57.661000,8740470.0,8736920.0,2750,130
2020-01-05 23:05:57.712000,8740340.0,8736900.0,1310,130
2020-01-05 23:05:58.689000,8740340.0,8736930.0,1310,3
2020-01-05 23:05:58.739000,8740480.0,8736930.0,2750,3
2020-01-05 23:05:59.012000,8740480.0,8737090.0,2750,3
2020-01-05 23:05:59.231000,8740390.0,8737200.0,2750,3
2020-01-05 23:05:59.281000,8740440.0,8737200.0,1400,3
2020-01-05 23:05:59.386000,8740440.0,8736970.0,1400,130
2020-01-05 23:05:59.437000,8740310.0,8736830.0,2750,130
2020-01-05 23:05:59.832000,8740310.0,8736830.0,2750,130
2020-01-05 23:06:01.038000,8740230.0,8737000.0,1310,130
2020-01-05 23:06:01.089000,8740110.0,8736910.0,650,2070
2020-01-05 23:06:01.406000,8740400.0,8737020.0,650,130
2020-01-05 23:06:01.834000,8740400.0,8737250.0,650,3
2020-01-05 23:06:01.885000,8740750.0,8737320.0,1310,130
2020-01-05 23:06:02.634000,8740750.0,8737320.0,2750,130
2020-01-05 23:06:02.685000,8739340.0,8735920.0,2750,3
2020-01-05 23:06:03.040000,8739340.0,8735820.0,2750,130
2020-01-05 23:06:03.203000,8739260.0,8735870.0,1310,3
2020-01-05 23:06:03.686000,8739290.0,8735810.0,2750,130
2020-01-05 23:06:03.736000,8739170.0,8735720.0,2750,130
2020-01-05 23:06:04.063000,8739170.0,8735720.0,2750,130
2020-01-05 23:06:04.124000,8738880.0,8735480.0,1400,130
2020-01-05 23:06:04.457000,8738880.0,8735480.0,1400,130
2020-01-05 23:06:04.507000,8738400.0,8735190.0,650,130
2020-01-05 23:06:05.742000,8738400.0,8735190.0,1400,130
2020-01-05 23:06:05.793000,8738330.0,8734890.0,650,3
2020-01-05 23:06:06.590000,8738330.0,8734870.0,1400,130
2020-01-05 23:06:06.640000,8737870.0,8734350.0,2750,130
2020-01-05 23:06:06.751000,8737870.0,8734350.0,2750,130
2020-01-05 23:06:06.801000,8737380.0,8733880.0,2750,130
2020-01-05 23:06:08.475000,8737210.0,8733790.0,1400,3
2020-01-05 23:06:08.586000,8737210.0,8733780.0,1400,130
2020-01-05 23:06:08.636000,8736610.0,8733340.0,1400,130
2020-01-05 23:06:08.747000,8736610.0,8733710.0,650,3
2020-01-05 23:06:08.797000,8736910.0,8733710.0,650,3
2020-01-05 23:06:09.205000,8736980.0,8733470.0,2750,130
2020-01-05 23:06:09.315000,8736980.0,8734390.0,1310,3
2020-01-05 23:06:09.365000,8737410.0,8734390.0,1310,3
2020-01-05 23:06:10.207000,8737410.0,8734260.0,1310,3
2020-01-05 23:06:10.258000,8737730.0,8734260.0,1310,3
2020-01-05 23:06:11.063000,8737730.0,8734230.0,2750,130
2020-01-05 23:06:11.114000,8737630.0,8734210.0,2750,3
2020-01-05 23:06:13.712000,8737630.0,8734160.0,2750,130
2020-01-05 23:06:13.762000,8737460.0,8733980.0,2750,3
2020-01-05 23:06:13.873000,8737460.0,8733930.0,2750,130
2020-01-05 23:06:13.923000,8737280.0,8733910.0,1400,3
