2021-04-25 22:00:05.562000,13927.803,13924.357,1000,990
2021-04-25 22:00:06.146000,13926.843,13923.387,1000,990
2021-04-25 22:00:06.305000,13927.103,13923.617,1000,990
2021-04-25 22:00:06.467000,13926.943,13923.487,1000,990
2021-04-25 22:00:06.955000,13926.933,13923.579,750,750
2021-04-25 22:00:07.005000,13927.021,13923.619,750,750
2021-04-25 22:00:07.112000,13927.063,13923.999,750,39
2021-04-25 22:00:07.163000,13927.391,13923.949,750,750
2021-04-25 22:00:07.279000,13927.033,13923.969,750,39
2021-04-25 22:00:07.329000,13927.071,13923.539,750,750
2021-04-25 22:00:07.436000,13926.801,13923.957,750,17
2021-04-25 22:00:07.486000,13927.461,13923.909,750,750
2021-04-25 22:00:07.597000,13927.361,13923.947,750,740
2021-04-25 22:00:07.647000,13927.311,13923.869,750,750
2021-04-25 22:00:07.757000,13927.011,13924.087,750,17
2021-04-25 22:00:07.807000,13927.071,13923.519,750,750
2021-04-25 22:00:07.902000,13924.351,13923.617,750,17
2021-04-25 22:00:07.952000,13924.281,13920.869,750,750
2021-04-25 22:00:08.002000,13926.411,13923.169,750,750
2021-04-25 22:00:08.161000,13925.991,13923.127,750,17
2021-04-25 22:00:08.212000,13925.981,13922.499,750,750
2021-04-25 22:00:08.483000,13925.923,13922.629,750,750
2021-04-25 22:00:08.534000,13926.161,13922.619,750,750
2021-04-25 22:00:08.805000,13925.171,13922.607,750,17
2021-04-25 22:00:08.855000,13925.171,13921.639,750,750
2021-04-25 22:00:08.967000,13925.143,13921.869,750,750
2021-04-25 22:00:09.017000,13925.311,13921.919,750,750
2021-04-25 22:00:09.295000,13925.283,13922.039,750,750
2021-04-25 22:00:09.346000,13925.311,13922.069,750,750
2021-04-25 22:00:09.617000,13925.573,13922.319,750,39
2021-04-25 22:00:09.667000,13925.871,13922.419,750,750
2021-04-25 22:00:09.805000,13925.411,13922.407,750,17
2021-04-25 22:00:09.855000,13925.651,13922.159,750,750
2021-04-25 22:00:09.964000,13925.633,13922.389,750,750
2021-04-25 22:00:10.014000,13925.881,13922.379,750,750
2021-04-25 22:00:10.160000,13925.541,13922.387,750,17
2021-04-25 22:00:10.211000,13925.491,13922.019,750,750
2021-04-25 22:00:10.319000,13925.401,13922.057,750,740
2021-04-25 22:00:10.369000,13925.451,13921.949,750,750
2021-04-25 22:00:10.513000,13924.901,13921.907,750,17
2021-04-25 22:00:10.563000,13924.901,13921.619,750,750
2021-04-25 22:00:10.675000,13925.123,13921.969,750,39
2021-04-25 22:00:10.725000,13925.201,13921.969,750,750
2021-04-25 22:00:11.294000,13924.911,13921.927,750,17
2021-04-25 22:00:11.344000,13925.131,13921.629,750,750
2021-04-25 22:00:11.508000,13925.193,13921.879,750,750
2021-04-25 22:00:11.559000,13925.381,13921.839,750,750
2021-04-25 22:00:12.411000,13924.601,13921.897,750,17
2021-04-25 22:00:12.461000,13924.661,13921.139,750,750
2021-04-25 22:00:12.575000,13924.613,13921.619,750,39
2021-04-25 22:00:12.625000,13925.131,13921.689,750,750
2021-04-25 22:00:12.737000,13925.181,13922.057,750,17
2021-04-25 22:00:12.787000,13925.531,13922.069,750,750
2021-04-25 22:00:12.895000,13925.333,13922.119,750,39
2021-04-25 22:00:12.946000,13925.281,13921.909,750,750
2021-04-25 22:00:13.440000,13925.353,13922.429,750,39
2021-04-25 22:00:13.490000,13925.951,13922.449,750,750
2021-04-25 22:00:13.596000,13925.373,13922.469,750,39
2021-04-25 22:00:13.649000,13925.291,13921.889,750,750
2021-04-25 22:00:13.811000,13925.153,13921.819,750,750
2021-04-25 22:00:13.861000,13925.191,13921.619,750,750
2021-04-25 22:00:14.133000,13925.153,13922.459,750,39
2021-04-25 22:00:14.183000,13925.971,13922.489,750,750
2021-04-25 22:00:14.301000,13925.621,13922.457,750,17
2021-04-25 22:00:14.351000,13925.401,13922.169,750,750
2021-04-25 22:00:14.746000,13925.613,13922.187,1000,17
2021-04-25 22:00:14.796000,13921.601,13918.219,750,750
2021-04-25 22:00:14.907000,13920.591,13918.187,750,17
2021-04-25 22:00:14.957000,13920.601,13917.109,750,750
2021-04-25 22:00:15.067000,13920.641,13918.187,750,17
2021-04-25 22:00:15.118000,13921.421,13917.989,750,750
2021-04-25 22:00:15.400000,13921.393,13918.089,750,750
2021-04-25 22:00:15.451000,13921.461,13917.989,750,750
2021-04-25 22:00:15.642000,13920.891,13917.977,750,17
2021-04-25 22:00:15.693000,13920.951,13917.419,750,750
2021-04-25 22:00:15.803000,13920.893,13918.199,750,39
2021-04-25 22:00:15.853000,13921.411,13918.109,750,750
2021-04-25 22:00:16.101000,13921.521,13918.387,750,17
2021-04-25 22:00:16.152000,13921.481,13918.289,750,750
2021-04-25 22:00:16.265000,13921.301,13918.037,750,740
2021-04-25 22:00:16.315000,13921.371,13917.839,750,750
2021-04-25 22:00:16.585000,13921.303,13917.949,750,750
2021-04-25 22:00:16.635000,13921.381,13917.989,750,750
2021-04-25 22:00:17.146000,13921.141,13917.967,750,17
2021-04-25 22:00:17.197000,13920.901,13917.649,750,750
2021-04-25 22:00:17.893000,13920.811,13917.687,750,740
2021-04-25 22:00:17.943000,13921.061,13917.519,750,750
2021-04-25 22:00:18.668000,13921.013,13918.019,750,39
2021-04-25 22:00:18.719000,13921.421,13917.919,750,750
2021-04-25 22:00:19.013000,13921.483,13918.009,750,750
2021-04-25 22:00:19.064000,13921.521,13918.009,750,750
2021-04-25 22:00:19.606000,13921.513,13918.619,750,39
2021-04-25 22:00:19.656000,13922.101,13918.889,750,750
2021-04-25 22:00:20.073000,13922.023,13918.699,750,750
2021-04-25 22:00:20.124000,13921.811,13918.789,750,750
2021-04-25 22:00:20.395000,13922.033,13918.649,750,750
2021-04-25 22:00:20.446000,13922.081,13918.699,750,750
2021-04-25 22:00:20.565000,13920.803,13918.719,750,39
2021-04-25 22:00:20.616000,13921.051,13917.599,750,750
2021-04-25 22:00:20.722000,13921.023,13918.859,750,39
2021-04-25 22:00:20.773000,13922.391,13919.089,750,750
2021-04-25 22:00:21.090000,13922.373,13920.689,750,39
2021-04-25 22:00:21.141000,13923.981,13920.499,750,750
2021-04-25 22:00:21.656000,13923.211,13920.507,750,17
2021-04-25 22:00:21.707000,13923.401,13919.919,750,750
2021-04-25 22:00:22.401000,13923.341,13920.017,750,740
2021-04-25 22:00:22.452000,13923.361,13919.829,750,750
2021-04-25 22:00:22.561000,13923.353,13919.929,750,750
2021-04-25 22:00:22.611000,13923.431,13920.009,750,750
2021-04-25 22:00:24.543000,13923.473,13920.149,750,750
2021-04-25 22:00:24.594000,13923.651,13920.119,750,750
2021-04-25 22:00:25.203000,13923.653,13920.699,750,39
2021-04-25 22:00:25.253000,13923.921,13920.519,750,750
2021-04-25 22:00:25.364000,13923.811,13920.497,750,740
2021-04-25 22:00:25.414000,13923.861,13920.589,750,750
2021-04-25 22:00:26.232000,13923.883,13920.719,750,39
2021-04-25 22:00:26.282000,13924.091,13920.699,750,750
2021-04-25 22:00:26.394000,13923.801,13920.707,750,17
2021-04-25 22:00:26.444000,13923.611,13920.419,750,750
2021-04-25 22:00:26.555000,13923.853,13920.439,750,750
2021-04-25 22:00:26.606000,13923.901,13920.689,750,750
2021-04-25 22:00:27.719000,13923.621,13920.417,750,17
2021-04-25 22:00:27.769000,13923.411,13920.139,750,750
2021-04-25 22:00:28.347000,13923.303,13920.119,750,750
2021-04-25 22:00:28.397000,13923.501,13920.099,750,750
2021-04-25 22:00:29.367000,13923.523,13920.189,750,750
2021-04-25 22:00:29.418000,13923.611,13920.209,750,750
2021-04-25 22:00:29.769000,13923.481,13920.177,750,740
2021-04-25 22:00:29.820000,13923.511,13920.099,750,750
2021-04-25 22:00:30.092000,13923.421,13920.047,750,740
2021-04-25 22:00:30.142000,13923.471,13919.979,750,750
2021-04-25 22:00:30.746000,13922.441,13919.977,750,17
2021-04-25 22:00:30.797000,13922.481,13918.969,750,750
2021-04-25 22:00:31.327000,13922.121,13918.937,750,17
2021-04-25 22:00:31.377000,13922.121,13918.679,750,750
2021-04-25 22:00:31.917000,13922.091,13918.887,750,17
2021-04-25 22:00:31.968000,13921.811,13918.789,750,750
2021-04-25 22:00:32.551000,13921.891,13918.607,750,740
2021-04-25 22:00:32.601000,13921.891,13918.489,750,750
2021-04-25 22:00:33.610000,13921.381,13918.477,750,17
2021-04-25 22:00:33.660000,13921.301,13917.819,750,750
2021-04-25 22:00:33.772000,13921.373,13918.149,750,39
2021-04-25 22:00:33.822000,13921.661,13918.109,750,750
2021-04-25 22:00:33.934000,13921.623,13918.479,750,39
2021-04-25 22:00:33.985000,13921.941,13918.469,750,750
2021-04-25 22:00:34.490000,13921.101,13918.697,750,17
2021-04-25 22:00:34.540000,13921.121,13917.639,750,750
2021-04-25 22:00:34.655000,13921.401,13917.949,750,750
2021-04-25 22:00:34.815000,13921.473,13918.309,750,39
2021-04-25 22:00:34.866000,13921.891,13918.329,750,750
2021-04-25 22:00:37.150000,13921.521,13918.377,750,17
2021-04-25 22:00:37.201000,13921.301,13918.089,750,750
2021-04-25 22:00:37.310000,13921.533,13918.359,750,39
2021-04-25 22:00:37.360000,13921.831,13918.309,750,750
2021-04-25 22:00:37.472000,13921.561,13918.357,750,17
2021-04-25 22:00:37.522000,13921.501,13918.019,750,750
2021-04-25 22:00:38.526000,13921.331,13918.037,750,740
2021-04-25 22:00:38.577000,13921.291,13917.819,750,750
2021-04-25 22:00:39.155000,13920.981,13917.559,750,750
2021-04-25 22:00:40.199000,13921.013,13918.099,750,39
2021-04-25 22:00:40.249000,13921.101,13917.919,750,750
2021-04-25 22:00:40.683000,13920.881,13917.847,750,17
2021-04-25 22:00:40.734000,13920.891,13917.499,750,750
2021-04-25 22:00:42.097000,13920.943,13917.889,750,39
2021-04-25 22:00:42.148000,13920.911,13917.619,750,750
2021-04-25 22:00:42.744000,13920.861,13917.677,750,17
2021-04-25 22:00:42.795000,13920.781,13917.329,750,750
2021-04-25 22:00:44.345000,13920.843,13917.589,750,750
2021-04-25 22:00:44.395000,13920.991,13917.519,750,750
2021-04-25 22:00:44.666000,13921.003,13917.649,750,750
2021-04-25 22:00:44.716000,13921.151,13917.639,750,750
2021-04-25 22:00:45.501000,13921.133,13918.139,750,39
2021-04-25 22:00:45.551000,13921.601,13918.159,750,750
2021-04-25 22:00:46.561000,13921.683,13919.199,750,39
2021-04-25 22:00:46.612000,13922.641,13919.209,750,750
2021-04-25 22:00:46.907000,13922.613,13919.539,750,39
2021-04-25 22:00:46.958000,13923.021,13919.539,750,750
2021-04-25 22:00:47.062000,13922.631,13919.527,750,17
2021-04-25 22:00:47.113000,13922.621,13919.219,750,750
2021-04-25 22:00:47.388000,13922.681,13919.837,750,17
2021-04-25 22:00:47.439000,13923.381,13919.909,750,750
2021-04-25 22:00:47.936000,13923.323,13921.179,750,39
2021-04-25 22:00:47.986000,13924.611,13921.199,750,750
2021-04-25 22:00:49.139000,13924.501,13921.387,750,17
2021-04-25 22:00:49.189000,13924.521,13921.089,750,750
2021-04-25 22:00:49.710000,13924.313,13921.559,750,39
2021-04-25 22:00:49.761000,13925.051,13921.539,750,750
2021-04-25 22:00:51.662000,13925.003,13922.439,750,39
2021-04-25 22:00:51.713000,13925.961,13922.489,750,750
2021-04-25 22:00:51.823000,13925.411,13922.467,750,17
2021-04-25 22:00:51.873000,13925.421,13922.199,750,750
2021-04-25 22:00:51.984000,13925.091,13921.947,750,17
2021-04-25 22:00:52.034000,13925.091,13921.699,750,750
2021-04-25 22:00:52.146000,13924.991,13921.647,750,740
2021-04-25 22:00:52.197000,13925.021,13921.579,750,750
2021-04-25 22:00:52.472000,13924.941,13921.557,750,740
2021-04-25 22:00:52.523000,13924.901,13921.519,750,750
2021-04-25 22:00:52.633000,13924.893,13921.579,750,750
2021-04-25 22:00:52.683000,13925.001,13921.609,750,750
2021-04-25 22:00:54.308000,13924.641,13921.787,750,17
2021-04-25 22:00:54.359000,13924.631,13921.149,750,750
2021-04-25 22:00:54.472000,13924.591,13921.137,750,740
2021-04-25 22:00:54.522000,13924.501,13921.059,750,750
2021-04-25 22:00:54.951000,13924.513,13921.169,750,750
2021-04-25 22:00:55.002000,13924.651,13921.199,750,750
2021-04-25 22:00:55.118000,13924.633,13921.489,750,39
2021-04-25 22:00:55.168000,13924.941,13921.499,750,750
2021-04-25 22:00:55.275000,13924.973,13921.659,750,750
2021-04-25 22:00:55.325000,13925.081,13921.679,750,750
2021-04-25 22:00:56.206000,13925.031,13921.717,750,740
2021-04-25 22:00:56.257000,13925.021,13921.609,750,750
2021-04-25 22:00:56.588000,13924.861,13921.517,750,740
2021-04-25 22:00:56.638000,13924.861,13921.379,750,750
2021-04-25 22:00:56.794000,13924.823,13921.449,750,750
2021-04-25 22:00:56.844000,13924.951,13921.429,750,750
2021-04-25 22:00:56.955000,13924.821,13921.517,750,740
2021-04-25 22:00:57.005000,13924.801,13921.339,750,750
2021-04-25 22:00:57.154000,13924.813,13921.449,750,750
2021-04-25 22:00:57.205000,13924.901,13921.449,750,750
2021-04-25 22:00:57.960000,13924.893,13921.709,750,39
2021-04-25 22:00:58.010000,13925.151,13921.619,750,750
2021-04-25 22:00:58.127000,13925.153,13921.909,750,39
2021-04-25 22:00:58.177000,13925.331,13921.839,750,750
2021-04-25 22:00:58.511000,13925.393,13922.159,750,39
2021-04-25 22:00:58.562000,13925.661,13922.209,750,750
2021-04-25 22:00:58.691000,13925.021,13922.197,750,17
2021-04-25 22:00:58.741000,13925.021,13921.539,750,750
2021-04-25 22:00:58.851000,13925.073,13922.129,750,39
2021-04-25 22:00:58.901000,13925.651,13922.129,750,750
2021-04-25 22:00:59.852000,13925.653,13922.509,750,39
2021-04-25 22:00:59.902000,13925.931,13922.499,750,750
2021-04-25 22:01:00.199000,13925.973,13924.129,750,39
2021-04-25 22:01:00.250000,13927.641,13924.119,750,750
2021-04-25 22:01:00.360000,13927.651,13924.367,750,740
2021-04-25 22:01:00.410000,13927.871,13924.339,750,750
2021-04-25 22:01:00.521000,13927.833,13925.119,750,39
2021-04-25 22:01:00.571000,13928.531,13925.039,750,750
2021-04-25 22:01:00.694000,13927.471,13925.297,750,17
2021-04-25 22:01:00.745000,13927.461,13923.919,750,750
2021-04-25 22:01:00.855000,13927.393,13924.179,750,750
2021-04-25 22:01:00.906000,13927.411,13924.209,750,750
2021-04-25 22:01:01.005000,13926.141,13924.117,750,17
2021-04-25 22:01:01.055000,13926.101,13922.709,750,750
2021-04-25 22:01:01.166000,13926.153,13923.469,750,39
2021-04-25 22:01:01.216000,13926.891,13923.459,750,750
2021-04-25 22:01:01.336000,13926.701,13923.527,750,740
2021-04-25 22:01:01.386000,13927.001,13923.549,750,750
2021-04-25 22:01:01.662000,13927.013,13923.919,750,39
2021-04-25 22:01:01.712000,13927.321,13924.099,750,750
2021-04-25 22:01:01.884000,13927.361,13923.997,750,740
2021-04-25 22:01:01.934000,13927.411,13923.949,750,750
2021-04-25 22:01:02.387000,13927.423,13924.029,750,750
2021-04-25 22:01:02.438000,13927.491,13924.299,750,750
2021-04-25 22:01:02.547000,13927.573,13924.149,750,750
2021-04-25 22:01:02.597000,13927.591,13924.129,750,750
2021-04-25 22:01:02.877000,13926.901,13924.137,750,17
2021-04-25 22:01:02.927000,13926.941,13923.699,750,750
2021-04-25 22:01:03.033000,13926.703,13923.909,750,39
2021-04-25 22:01:03.084000,13927.301,13923.859,750,750
2021-04-25 22:01:03.189000,13927.151,13923.887,750,740
2021-04-25 22:01:03.240000,13927.161,13923.719,750,750
2021-04-25 22:01:03.446000,13926.961,13923.419,750,750
2021-04-25 22:01:03.600000,13926.391,13923.487,750,17
2021-04-25 22:01:03.650000,13926.461,13922.929,750,750
2021-04-25 22:01:03.977000,13926.393,13923.079,750,750
2021-04-25 22:01:04.027000,13926.501,13923.109,750,750
2021-04-25 22:01:04.135000,13926.431,13923.037,750,740
2021-04-25 22:01:04.185000,13926.431,13922.959,750,750
2021-04-25 22:01:04.297000,13926.433,13923.409,750,39
2021-04-25 22:01:04.347000,13926.831,13923.369,750,750
2021-04-25 22:01:04.644000,13926.641,13923.357,750,740
2021-04-25 22:01:04.694000,13926.601,13923.209,750,750
2021-04-25 22:01:05.006000,13926.303,13923.219,750,750
2021-04-25 22:01:05.056000,13926.301,13923.039,750,750
2021-04-25 22:01:05.167000,13926.573,13923.349,750,39
2021-04-25 22:01:05.217000,13926.841,13923.319,750,750
2021-04-25 22:01:05.331000,13926.613,13924.789,750,39
2021-04-25 22:01:05.382000,13927.811,13924.549,750,750
2021-04-25 22:01:05.930000,13928.091,13925.197,750,17
2021-04-25 22:01:05.981000,13928.421,13924.939,750,750
2021-04-25 22:01:06.753000,13927.991,13924.937,750,17
2021-04-25 22:01:06.804000,13927.991,13924.539,750,750
2021-04-25 22:01:06.916000,13927.641,13924.607,750,17
2021-04-25 22:01:06.967000,13927.671,13924.209,750,750
2021-04-25 22:01:07.239000,13927.111,13924.117,750,17
2021-04-25 22:01:07.290000,13927.381,13923.889,750,750
2021-04-25 22:01:07.399000,13927.293,13924.529,750,39
2021-04-25 22:01:07.449000,13928.031,13924.519,750,750
2021-04-25 22:01:08.097000,13927.481,13924.587,750,17
2021-04-25 22:01:08.148000,13927.521,13924.299,750,750
2021-04-25 22:01:08.422000,13927.573,13924.599,750,39
2021-04-25 22:01:08.473000,13928.011,13924.509,750,750
2021-04-25 22:01:09.735000,13928.023,13924.859,750,39
2021-04-25 22:01:09.786000,13928.301,13924.859,750,750
2021-04-25 22:01:10.550000,13928.121,13924.847,750,740
2021-04-25 22:01:10.600000,13928.191,13924.609,750,750
2021-04-25 22:01:12.123000,13928.071,13924.617,750,740
2021-04-25 22:01:12.174000,13928.071,13924.799,750,750
2021-04-25 22:01:12.284000,13928.093,13925.009,750,39
2021-04-25 22:01:12.334000,13928.431,13924.939,750,750
2021-04-25 22:01:13.188000,13928.111,13924.937,750,17
2021-04-25 22:01:13.238000,13928.101,13924.629,750,750
2021-04-25 22:01:14.274000,13928.093,13924.719,750,750
2021-04-25 22:01:14.324000,13927.811,13924.559,750,750
2021-04-25 22:01:14.431000,13927.831,13924.507,750,740
2021-04-25 22:01:14.482000,13927.831,13924.309,750,750
2021-04-25 22:01:14.593000,13927.511,13924.357,750,17
2021-04-25 22:01:14.644000,13927.531,13924.019,750,750
2021-04-25 22:01:15.143000,13927.563,13924.449,750,39
2021-04-25 22:01:15.194000,13927.701,13924.499,750,750
2021-04-25 22:01:15.653000,13927.671,13924.457,750,17
2021-04-25 22:01:15.704000,13927.651,13924.119,750,750
2021-04-25 22:01:15.815000,13927.593,13924.459,750,39
2021-04-25 22:01:15.865000,13927.951,13924.499,750,750
2021-04-25 22:01:16.873000,13927.621,13924.467,750,17
2021-04-25 22:01:16.923000,13927.661,13924.149,750,750
2021-04-25 22:01:17.035000,13927.623,13924.359,750,750
2021-04-25 22:01:17.085000,13927.611,13924.379,750,750
2021-04-25 22:01:17.287000,13927.823,13924.479,750,750
2021-04-25 22:01:17.337000,13927.891,13924.469,750,750
2021-04-25 22:01:18.184000,13927.913,13924.529,750,750
2021-04-25 22:01:18.234000,13928.001,13924.569,750,750
2021-04-25 22:01:18.846000,13927.901,13924.567,750,740
2021-04-25 22:01:18.896000,13927.981,13924.429,750,750
2021-04-25 22:01:20.224000,13927.861,13924.407,750,740
2021-04-25 22:01:20.274000,13927.831,13924.389,750,750
2021-04-25 22:01:20.919000,13927.613,13924.539,750,750
2021-04-25 22:01:20.969000,13928.061,13924.549,750,750
2021-04-25 22:01:21.077000,13928.063,13925.369,750,39
2021-04-25 22:01:21.127000,13928.611,13925.589,750,750
2021-04-25 22:01:21.245000,13928.381,13925.327,750,17
2021-04-25 22:01:21.295000,13928.471,13924.959,750,750
2021-04-25 22:01:21.406000,13928.413,13925.449,750,39
2021-04-25 22:01:21.457000,13928.701,13925.519,750,750
2021-04-25 22:01:21.568000,13928.171,13925.467,750,17
2021-04-25 22:01:21.618000,13928.141,13924.629,750,750
2021-04-25 22:01:21.739000,13927.991,13924.667,750,740
2021-04-25 22:01:21.789000,13927.921,13924.469,750,750
2021-04-25 22:01:22.377000,13927.933,13924.559,750,750
2021-04-25 22:01:22.427000,13927.991,13924.589,750,750
2021-04-25 22:01:22.627000,13927.951,13924.527,750,740
2021-04-25 22:01:22.678000,13927.891,13924.449,750,750
2021-04-25 22:01:22.789000,13927.963,13924.519,750,750
2021-04-25 22:01:22.839000,13928.081,13924.599,750,750
2021-04-25 22:01:23.484000,13928.023,13924.699,750,750
2021-04-25 22:01:23.534000,13927.911,13924.619,750,750
2021-04-25 22:01:24.329000,13928.041,13924.687,750,740
2021-04-25 22:01:24.379000,13928.051,13924.799,750,750
2021-04-25 22:01:24.490000,13928.043,13925.399,750,39
2021-04-25 22:01:24.540000,13928.841,13925.409,750,750
2021-04-25 22:01:24.727000,13928.651,13925.357,750,740
2021-04-25 22:01:24.778000,13928.581,13925.199,750,750
2021-04-25 22:01:24.888000,13928.361,13925.387,750,17
2021-04-25 22:01:24.938000,13928.331,13925.089,750,750
2021-04-25 22:01:25.494000,13928.363,13925.419,750,39
2021-04-25 22:01:25.544000,13928.901,13925.489,750,750
2021-04-25 22:01:25.724000,13928.903,13925.579,750,750
2021-04-25 22:01:25.775000,13929.081,13925.579,750,750
2021-04-25 22:01:25.885000,13928.621,13925.797,750,17
2021-04-25 22:01:25.935000,13928.631,13925.109,750,750
2021-04-25 22:01:26.043000,13928.613,13925.409,750,39
2021-04-25 22:01:26.093000,13928.881,13925.309,750,750
2021-04-25 22:01:26.206000,13928.873,13925.499,750,750
2021-04-25 22:01:26.256000,13928.921,13925.469,750,750
2021-04-25 22:01:26.840000,13928.943,13925.589,750,750
2021-04-25 22:01:26.891000,13929.031,13925.559,750,750
2021-04-25 22:01:27.245000,13929.023,13925.669,750,750
2021-04-25 22:01:27.295000,13929.171,13925.689,750,750
2021-04-25 22:01:27.408000,13929.143,13925.999,750,39
2021-04-25 22:01:27.458000,13929.401,13925.949,750,750
2021-04-25 22:01:27.626000,13929.151,13925.917,750,17
2021-04-25 22:01:27.676000,13929.171,13925.699,750,750
2021-04-25 22:01:27.786000,13929.163,13925.919,750,39
2021-04-25 22:01:27.837000,13929.361,13925.839,750,750
2021-04-25 22:01:28.347000,13929.303,13925.919,750,750
2021-04-25 22:01:28.397000,13929.211,13926.199,750,750
2021-04-25 22:01:28.507000,13928.801,13925.927,750,17
2021-04-25 22:01:28.557000,13928.991,13925.599,750,750
2021-04-25 22:01:28.669000,13928.983,13925.829,750,39
2021-04-25 22:01:28.719000,13929.321,13926.089,750,750
2021-04-25 22:01:30.463000,13929.341,13926.007,750,740
2021-04-25 22:01:30.514000,13929.411,13925.959,750,750
2021-04-25 22:01:31.316000,13929.473,13926.179,750,750
2021-04-25 22:01:31.367000,13929.681,13926.169,750,750
2021-04-25 22:01:32.124000,13929.633,13926.479,750,39
2021-04-25 22:01:32.174000,13929.881,13926.699,750,750
2021-04-25 22:01:32.284000,13929.953,13926.689,750,750
2021-04-25 22:01:32.334000,13930.121,13926.719,750,750
2021-04-25 22:01:32.436000,13929.903,13927.099,750,39
2021-04-25 22:01:32.487000,13930.521,13927.019,750,750
2021-04-25 22:01:32.597000,13930.491,13927.067,750,740
2021-04-25 22:01:32.648000,13930.211,13927.009,750,750
2021-04-25 22:01:32.996000,13930.371,13927.197,750,17
2021-04-25 22:01:33.046000,13930.331,13926.819,750,750
2021-04-25 22:01:33.319000,13930.333,13927.049,750,750
2021-04-25 22:01:33.369000,13930.531,13927.099,750,750
2021-04-25 22:01:33.640000,13930.563,13927.129,750,750
2021-04-25 22:01:33.690000,13930.611,13927.179,750,750
2021-04-25 22:01:34.113000,13930.521,13927.207,750,740
2021-04-25 22:01:34.163000,13930.521,13927.039,750,750
2021-04-25 22:01:34.651000,13930.563,13927.139,750,750
2021-04-25 22:01:34.702000,13930.601,13927.389,750,750
2021-04-25 22:01:34.812000,13930.673,13927.549,750,39
2021-04-25 22:01:34.862000,13931.011,13927.509,750,750
2021-04-25 22:01:35.380000,13931.073,13928.659,750,39
2021-04-25 22:01:35.430000,13932.081,13928.679,750,750
2021-04-25 22:01:35.540000,13931.901,13929.087,750,17
2021-04-25 22:01:35.591000,13932.501,13929.049,750,750
2021-04-25 22:01:36.237000,13931.801,13929.097,750,17
2021-04-25 22:01:36.288000,13931.821,13928.379,750,750
2021-04-25 22:01:36.398000,13931.823,13929.089,750,39
2021-04-25 22:01:36.449000,13932.551,13929.079,750,750
2021-04-25 22:01:36.938000,13932.071,13929.087,750,17
2021-04-25 22:01:36.989000,13932.011,13928.569,750,750
2021-04-25 22:01:37.109000,13932.013,13928.939,750,39
2021-04-25 22:01:37.159000,13932.471,13928.939,750,750
2021-04-25 22:01:37.263000,13932.381,13929.017,750,740
2021-04-25 22:01:37.313000,13932.301,13928.839,750,750
2021-04-25 22:01:37.557000,13932.323,13929.189,750,39
2021-04-25 22:01:37.608000,13932.471,13928.939,750,750
2021-04-25 22:01:37.879000,13932.483,13929.119,750,750
2021-04-25 22:01:37.929000,13932.491,13929.059,750,750
2021-04-25 22:01:38.039000,13932.583,13929.399,750,39
2021-04-25 22:01:38.089000,13932.601,13929.189,750,750
2021-04-25 22:01:38.791000,13932.623,13929.659,750,39
2021-04-25 22:01:38.842000,13932.911,13929.629,750,750
2021-04-25 22:01:40.143000,13932.831,13929.667,750,17
2021-04-25 22:01:40.193000,13932.831,13929.389,750,750
2021-04-25 22:01:40.305000,13932.793,13929.899,750,39
2021-04-25 22:01:40.355000,13933.301,13929.909,750,750
2021-04-25 22:01:40.464000,13932.891,13929.877,750,17
2021-04-25 22:01:40.514000,13932.951,13929.419,750,750
2021-04-25 22:01:40.625000,13932.703,13929.629,750,750
2021-04-25 22:01:40.675000,13933.141,13929.889,750,750
2021-04-25 22:01:41.615000,13933.151,13929.837,750,740
2021-04-25 22:01:41.665000,13933.331,13929.899,750,750
2021-04-25 22:01:41.773000,13932.911,13929.907,750,17
2021-04-25 22:01:41.823000,13933.191,13929.639,750,750
2021-04-25 22:01:42.138000,13932.911,13929.647,750,740
2021-04-25 22:01:42.188000,13932.981,13929.429,750,750
2021-04-25 22:01:42.620000,13933.041,13929.579,750,750
2021-04-25 22:01:42.942000,13932.871,13929.607,750,17
2021-04-25 22:01:42.993000,13932.841,13929.359,750,750
2021-04-25 22:01:43.104000,13932.601,13929.347,750,740
2021-04-25 22:01:43.154000,13932.601,13929.119,750,750
2021-04-25 22:01:43.265000,13932.633,13929.459,750,39
2021-04-25 22:01:43.315000,13932.891,13929.409,750,750
2021-04-25 22:01:43.427000,13932.601,13929.467,750,17
2021-04-25 22:01:43.477000,13932.601,13929.119,750,750
2021-04-25 22:01:44.514000,13932.341,13929.197,750,17
2021-04-25 22:01:44.564000,13932.291,13928.869,750,750
2021-04-25 22:01:44.836000,13932.293,13929.619,750,39
2021-04-25 22:01:44.886000,13933.051,13929.579,750,750
2021-04-25 22:01:45.040000,13932.981,13929.499,750,750
2021-04-25 22:01:45.199000,13932.531,13929.487,750,17
2021-04-25 22:01:45.249000,13932.501,13929.029,750,750
2021-04-25 22:01:45.952000,13932.201,13929.047,750,740
2021-04-25 22:01:46.002000,13932.411,13928.999,750,750
2021-04-25 22:01:46.113000,13932.383,13929.089,750,750
2021-04-25 22:01:46.164000,13932.511,13929.099,750,750
2021-04-25 22:01:47.291000,13932.411,13929.077,750,740
2021-04-25 22:01:47.341000,13932.431,13928.919,750,750
2021-04-25 22:01:47.453000,13932.041,13928.947,750,17
2021-04-25 22:01:47.504000,13932.081,13928.519,750,750
2021-04-25 22:01:47.806000,13931.931,13928.577,750,740
2021-04-25 22:01:47.856000,13931.951,13928.499,750,750
2021-04-25 22:01:48.367000,13930.941,13928.427,750,17
2021-04-25 22:01:48.417000,13930.921,13927.439,750,750
2021-04-25 22:01:48.528000,13930.903,13927.549,750,750
2021-04-25 22:01:48.578000,13930.981,13927.509,750,750
2021-04-25 22:01:48.809000,13930.993,13927.669,750,750
2021-04-25 22:01:48.859000,13931.171,13927.889,750,750
2021-04-25 22:01:48.969000,13930.941,13927.657,750,740
2021-04-25 22:01:49.020000,13930.951,13927.439,750,750
2021-04-25 22:01:49.303000,13930.933,13927.699,750,39
2021-04-25 22:01:49.353000,13931.181,13927.639,750,750
2021-04-25 22:01:49.624000,13930.411,13927.657,750,17
2021-04-25 22:01:49.674000,13930.671,13927.149,750,750
2021-04-25 22:01:49.785000,13930.643,13927.429,750,39
2021-04-25 22:01:49.835000,13930.911,13927.439,750,750
2021-04-25 22:01:49.945000,13930.963,13927.519,750,750
2021-04-25 22:01:49.995000,13931.081,13927.539,750,750
2021-04-25 22:01:51.687000,13930.641,13927.587,750,17
2021-04-25 22:01:51.738000,13930.661,13927.159,750,750
2021-04-25 22:01:51.840000,13930.521,13927.187,750,740
2021-04-25 22:01:51.890000,13930.531,13927.109,750,750
2021-04-25 22:01:52.001000,13930.351,13927.017,750,740
2021-04-25 22:01:52.051000,13930.341,13927.089,750,750
2021-04-25 22:01:52.315000,13930.333,13926.919,750,750
2021-04-25 22:01:52.365000,13930.421,13926.999,750,750
2021-04-25 22:01:52.476000,13930.463,13927.299,750,39
2021-04-25 22:01:52.527000,13930.571,13927.069,750,750
2021-04-25 22:01:52.636000,13930.543,13927.469,750,39
2021-04-25 22:01:52.686000,13930.881,13927.429,750,750
2021-04-25 22:01:52.957000,13930.923,13927.669,750,750
2021-04-25 22:01:53.008000,13931.131,13927.629,750,750
2021-04-25 22:01:53.384000,13931.183,13928.199,750,39
2021-04-25 22:01:53.435000,13931.401,13927.999,750,750
2021-04-25 22:01:53.548000,13930.901,13928.007,750,17
2021-04-25 22:01:53.598000,13931.121,13927.659,750,750
2021-04-25 22:01:54.435000,13931.153,13927.899,750,750
2021-04-25 22:01:54.486000,13931.311,13927.879,750,750
2021-04-25 22:01:54.596000,13931.293,13928.629,750,39
2021-04-25 22:01:54.647000,13932.161,13928.689,750,750
2021-04-25 22:01:55.072000,13932.103,13929.289,750,39
2021-04-25 22:01:55.123000,13932.541,13929.039,750,750
2021-04-25 22:01:56.103000,13932.031,13929.007,750,17
2021-04-25 22:01:56.154000,13932.031,13928.549,750,750
2021-04-25 22:01:56.460000,13932.043,13928.949,750,39
2021-04-25 22:01:56.510000,13932.431,13928.959,750,750
2021-04-25 22:01:56.622000,13932.453,13929.699,750,39
2021-04-25 22:01:56.673000,13932.921,13929.519,750,750
2021-04-25 22:01:57.209000,13932.601,13929.447,750,17
2021-04-25 22:01:57.259000,13932.611,13929.189,750,750
2021-04-25 22:01:57.369000,13932.613,13929.399,750,750
2021-04-25 22:01:57.419000,13932.871,13929.339,750,750
2021-04-25 22:01:57.531000,13932.611,13929.407,750,17
2021-04-25 22:01:57.581000,13932.591,13929.189,750,750
2021-04-25 22:01:57.746000,13932.291,13928.889,750,750
2021-04-25 22:01:57.905000,13931.931,13928.877,750,17
2021-04-25 22:01:57.956000,13931.951,13928.699,750,750
2021-04-25 22:01:58.141000,13931.933,13928.699,750,750
2021-04-25 22:01:58.192000,13932.181,13928.709,750,750
2021-04-25 22:01:58.503000,13932.163,13928.919,750,39
2021-04-25 22:01:58.554000,13932.411,13928.969,750,750
2021-04-25 22:01:58.919000,13932.121,13928.987,750,17
2021-04-25 22:01:58.969000,13932.141,13928.659,750,750
2021-04-25 22:02:00.316000,13932.183,13928.909,750,39
2021-04-25 22:02:00.366000,13932.311,13928.849,750,750
2021-04-25 22:02:00.512000,13932.103,13928.999,750,750
2021-04-25 22:02:00.562000,13932.391,13928.919,750,750
2021-04-25 22:02:00.833000,13932.291,13928.927,750,740
2021-04-25 22:02:00.883000,13932.291,13928.869,750,750
2021-04-25 22:02:01.119000,13932.393,13928.969,750,750
2021-04-25 22:02:01.169000,13932.441,13929.009,750,750
2021-04-25 22:02:01.583000,13932.483,13929.139,750,750
2021-04-25 22:02:01.633000,13932.661,13929.139,750,750
2021-04-25 22:02:01.743000,13932.623,13929.359,750,750
2021-04-25 22:02:01.794000,13932.811,13929.409,750,750
2021-04-25 22:02:02.227000,13932.843,13929.459,750,750
2021-04-25 22:02:02.277000,13932.931,13929.449,750,750
2021-04-25 22:02:02.474000,13932.703,13929.889,750,39
2021-04-25 22:02:02.524000,13933.141,13929.689,750,750
2021-04-25 22:02:02.635000,13933.153,13930.049,750,39
2021-04-25 22:02:02.686000,13933.581,13930.109,750,750
2021-04-25 22:02:03.115000,13933.543,13930.489,750,39
2021-04-25 22:02:03.165000,13933.951,13930.419,750,750
2021-04-25 22:02:03.277000,13933.591,13930.477,750,17
2021-04-25 22:02:03.327000,13933.651,13930.149,750,750
2021-04-25 22:02:03.598000,13933.613,13930.469,750,39
2021-04-25 22:02:03.648000,13933.961,13930.459,750,750
2021-04-25 22:02:04.575000,13933.983,13930.629,750,750
2021-04-25 22:02:04.626000,13934.141,13930.719,750,750
2021-04-25 22:02:04.895000,13933.941,13930.717,750,17
2021-04-25 22:02:04.946000,13933.961,13930.499,750,750
2021-04-25 22:02:05.575000,13933.983,13930.709,750,39
2021-04-25 22:02:05.625000,13934.171,13930.699,750,750
2021-04-25 22:02:05.730000,13934.103,13930.849,750,750
2021-04-25 22:02:05.781000,13934.361,13930.909,750,750
2021-04-25 22:02:06.182000,13933.901,13930.857,750,740
2021-04-25 22:02:06.232000,13934.171,13930.709,750,750
2021-04-25 22:02:06.555000,13934.173,13930.889,750,750
2021-04-25 22:02:06.606000,13934.331,13930.909,750,750
2021-04-25 22:02:07.932000,13934.101,13930.887,750,740
2021-04-25 22:02:07.983000,13934.121,13930.659,750,750
2021-04-25 22:02:08.093000,13934.113,13930.829,750,750
2021-04-25 22:02:08.148000,13934.381,13930.879,750,750
2021-04-25 22:02:08.269000,13934.151,13931.097,750,17
2021-04-25 22:02:08.319000,13934.161,13930.609,750,750
2021-04-25 22:02:08.752000,13933.911,13930.667,750,740
2021-04-25 22:02:08.802000,13933.711,13930.439,750,750
2021-04-25 22:02:08.915000,13933.933,13930.609,750,750
2021-04-25 22:02:08.965000,13934.131,13930.629,750,750
2021-04-25 22:02:09.077000,13934.123,13931.069,750,39
2021-04-25 22:02:09.127000,13934.551,13931.029,750,750
2021-04-25 22:02:09.876000,13934.543,13931.209,750,750
2021-04-25 22:02:09.926000,13934.651,13931.179,750,750
2021-04-25 22:02:10.180000,13934.653,13931.319,750,750
2021-04-25 22:02:10.231000,13934.791,13931.409,750,750
2021-04-25 22:02:10.342000,13934.661,13931.327,750,740
2021-04-25 22:02:10.393000,13934.651,13931.169,750,750
2021-04-25 22:02:10.663000,13934.633,13931.589,750,39
2021-04-25 22:02:10.714000,13934.841,13931.309,750,750
2021-04-25 22:02:11.162000,13934.883,13931.469,750,750
2021-04-25 22:02:11.213000,13934.891,13931.499,750,750
2021-04-25 22:02:11.323000,13934.893,13931.699,750,750
2021-04-25 22:02:11.373000,13935.081,13931.619,750,750
2021-04-25 22:02:11.902000,13935.143,13932.159,750,39
2021-04-25 22:02:11.953000,13935.691,13932.119,750,750
2021-04-25 22:02:12.062000,13935.401,13932.207,750,17
2021-04-25 22:02:12.113000,13935.431,13931.979,750,750
2021-04-25 22:02:12.226000,13935.031,13932.007,750,17
2021-04-25 22:02:12.276000,13935.091,13931.569,750,750
2021-04-25 22:02:12.386000,13935.023,13931.979,750,39
2021-04-25 22:02:12.436000,13935.391,13931.959,750,750
2021-04-25 22:02:12.751000,13935.193,13931.939,750,39
2021-04-25 22:02:12.801000,13935.181,13931.689,750,750
2021-04-25 22:02:13.067000,13935.061,13931.627,750,740
2021-04-25 22:02:13.117000,13935.081,13931.589,750,750
2021-04-25 22:02:13.386000,13935.073,13931.669,750,750
2021-04-25 22:02:13.436000,13935.111,13931.659,750,750
2021-04-25 22:02:14.566000,13935.163,13931.929,750,39
2021-04-25 22:02:14.617000,13935.491,13931.989,750,750
2021-04-25 22:02:15.042000,13935.101,13932.007,750,740
2021-04-25 22:02:15.093000,13935.351,13932.089,750,750
2021-04-25 22:02:15.363000,13934.811,13931.847,750,17
2021-04-25 22:02:15.414000,13935.021,13931.559,750,750
2021-04-25 22:02:15.846000,13934.911,13931.537,750,740
2021-04-25 22:02:15.897000,13934.901,13931.509,750,750
2021-04-25 22:02:17.108000,13934.601,13931.417,750,17
2021-04-25 22:02:17.159000,13934.681,13931.219,750,750
2021-04-25 22:02:17.516000,13934.571,13931.137,750,740
2021-04-25 22:02:17.566000,13934.581,13931.069,750,750
2021-04-25 22:02:17.678000,13934.481,13931.057,750,740
2021-04-25 22:02:17.728000,13934.471,13931.019,750,750
2021-04-25 22:02:17.838000,13934.403,13931.209,750,39
2021-04-25 22:02:17.889000,13934.591,13931.129,750,750
2021-04-25 22:02:17.998000,13934.403,13931.359,750,750
2021-04-25 22:02:18.048000,13934.831,13931.359,750,750
2021-04-25 22:02:18.283000,13934.541,13931.337,750,17
2021-04-25 22:02:18.334000,13934.541,13931.299,750,750
2021-04-25 22:02:19.197000,13934.281,13931.077,750,740
2021-04-25 22:02:19.247000,13934.291,13930.859,750,750
2021-04-25 22:02:19.357000,13934.283,13930.919,750,750
2021-04-25 22:02:19.408000,13934.391,13930.949,750,750
2021-04-25 22:02:19.519000,13934.483,13931.519,750,39
2021-04-25 22:02:19.569000,13934.931,13931.469,750,750
2021-04-25 22:02:19.679000,13934.821,13931.487,750,740
2021-04-25 22:02:19.730000,13934.871,13931.309,750,750
2021-04-25 22:02:20.009000,13934.681,13931.407,750,17
2021-04-25 22:02:20.059000,13934.691,13931.129,750,750
2021-04-25 22:02:20.361000,13934.181,13931.207,750,17
2021-04-25 22:02:20.411000,13934.141,13930.639,750,750
2021-04-25 22:02:20.684000,13933.031,13930.897,750,17
2021-04-25 22:02:20.734000,13932.991,13929.569,750,750
2021-04-25 22:02:21.449000,13933.083,13929.619,750,750
2021-04-25 22:02:21.499000,13933.131,13929.629,750,750
2021-04-25 22:02:21.774000,13933.123,13929.989,750,39
2021-04-25 22:02:21.824000,13933.461,13930.009,750,750
2021-04-25 22:02:21.934000,13933.131,13929.917,750,17
2021-04-25 22:02:21.984000,13933.101,13929.699,750,750
2021-04-25 22:02:22.446000,13933.083,13930.189,750,39
2021-04-25 22:02:22.496000,13933.681,13930.199,750,750
2021-04-25 22:02:22.790000,13933.571,13930.197,750,740
2021-04-25 22:02:22.840000,13933.531,13930.029,750,750
2021-04-25 22:02:22.951000,13933.291,13930.067,750,740
2021-04-25 22:02:23.001000,13933.361,13929.889,750,750
2021-04-25 22:02:23.113000,13933.111,13930.187,750,17
2021-04-25 22:02:23.163000,13933.211,13929.989,750,750
2021-04-25 22:02:23.731000,13933.091,13930.007,750,17
2021-04-25 22:02:23.781000,13933.171,13929.669,750,750
2021-04-25 22:02:24.234000,13933.021,13929.677,750,740
2021-04-25 22:02:24.285000,13933.071,13929.799,750,750
2021-04-25 22:02:26.440000,13933.033,13929.809,750,39
2021-04-25 22:02:26.490000,13933.341,13929.869,750,750
2021-04-25 22:02:26.626000,13933.111,13929.887,750,740
2021-04-25 22:02:26.677000,13933.161,13929.689,750,750
2021-04-25 22:02:26.788000,13933.093,13929.989,750,39
2021-04-25 22:02:26.838000,13933.211,13929.989,750,750
2021-04-25 22:02:27.784000,13933.463,13930.149,750,750
2021-04-25 22:02:27.834000,13933.641,13930.219,750,750
2021-04-25 22:02:27.946000,13933.571,13930.197,750,740
2021-04-25 22:02:27.996000,13933.551,13930.059,750,750
2021-04-25 22:02:28.108000,13933.503,13930.369,750,39
2021-04-25 22:02:28.158000,13933.801,13930.589,750,750
2021-04-25 22:02:28.389000,13933.581,13930.327,750,17
2021-04-25 22:02:28.439000,13933.491,13930.109,750,750
2021-04-25 22:02:28.551000,13933.493,13930.359,750,39
2021-04-25 22:02:28.602000,13933.831,13930.349,750,750
2021-04-25 22:02:29.637000,13933.211,13929.959,750,750
2021-04-25 22:02:30.018000,13933.463,13930.029,750,750
2021-04-25 22:02:30.068000,13933.581,13930.109,750,750
2021-04-25 22:02:31.127000,13933.321,13930.107,750,17
2021-04-25 22:02:31.177000,13933.331,13929.809,750,750
2021-04-25 22:02:31.288000,13933.161,13929.807,750,740
2021-04-25 22:02:31.339000,13933.191,13929.649,750,750
2021-04-25 22:02:32.253000,13932.931,13929.617,750,740
2021-04-25 22:02:32.303000,13932.901,13929.499,750,750
2021-04-25 22:02:32.411000,13932.993,13929.659,750,750
2021-04-25 22:02:32.462000,13933.141,13929.619,750,750
2021-04-25 22:02:34.197000,13933.183,13929.829,750,750
2021-04-25 22:02:34.250000,13933.331,13929.899,750,750
2021-04-25 22:02:34.352000,13933.293,13930.119,750,39
2021-04-25 22:02:34.402000,13933.651,13930.169,750,750
2021-04-25 22:02:34.927000,13933.623,13930.359,750,750
2021-04-25 22:02:34.977000,13933.791,13930.319,750,750
2021-04-25 22:02:35.094000,13933.661,13930.587,750,17
2021-04-25 22:02:35.145000,13933.651,13930.149,750,750
2021-04-25 22:02:37.482000,13933.663,13930.389,750,750
2021-04-25 22:02:37.533000,13933.821,13930.339,750,750
2021-04-25 22:02:38.023000,13933.813,13930.509,750,750
2021-04-25 22:02:38.073000,13933.911,13930.419,750,750
2021-04-25 22:02:38.681000,13933.601,13930.447,750,740
2021-04-25 22:02:38.732000,13933.881,13930.319,750,750
2021-04-25 22:02:39.935000,13933.843,13930.719,750,39
2021-04-25 22:02:39.986000,13934.151,13930.709,750,750
2021-04-25 22:02:40.098000,13933.911,13930.667,750,740
2021-04-25 22:02:40.149000,13933.991,13930.489,750,750
2021-04-25 22:02:43.528000,13933.923,13930.549,750,750
2021-04-25 22:02:43.579000,13934.011,13930.609,750,750
2021-04-25 22:02:46.266000,13933.881,13930.567,750,740
2021-04-25 22:02:46.316000,13933.831,13930.359,750,750
2021-04-25 22:02:46.423000,13933.541,13930.397,750,17
2021-04-25 22:02:46.474000,13933.491,13930.109,750,750
2021-04-25 22:02:47.064000,13933.583,13930.379,750,39
2021-04-25 22:02:47.114000,13933.851,13930.339,750,750
2021-04-25 22:02:47.236000,13933.613,13930.469,750,750
2021-04-25 22:02:47.287000,13933.951,13930.499,750,750
2021-04-25 22:02:47.395000,13933.781,13930.497,750,740
2021-04-25 22:02:47.446000,13933.881,13930.409,750,750
2021-04-25 22:02:48.219000,13933.461,13930.597,750,17
2021-04-25 22:02:48.270000,13933.461,13929.919,750,750
2021-04-25 22:02:48.380000,13933.483,13930.189,750,750
2021-04-25 22:02:48.430000,13933.581,13930.179,750,750
2021-04-25 22:02:49.566000,13933.633,13930.369,750,750
2021-04-25 22:02:49.616000,13933.601,13930.399,750,750
2021-04-25 22:02:50.529000,13933.411,13930.367,750,740
2021-04-25 22:02:50.580000,13933.651,13930.209,750,750
2021-04-25 22:02:52.294000,13933.541,13930.109,750,750
2021-04-25 22:02:52.774000,13933.621,13930.179,750,750
2021-04-25 22:02:53.810000,13933.481,13930.217,750,740
2021-04-25 22:02:53.861000,13933.541,13930.049,750,750
2021-04-25 22:02:55.358000,13933.543,13930.149,750,750
2021-04-25 22:02:55.408000,13933.611,13930.129,750,750
2021-04-25 22:02:55.619000,13933.643,13930.439,750,39
2021-04-25 22:02:55.669000,13933.941,13930.459,750,750
2021-04-25 22:02:56.701000,13933.861,13930.417,750,740
2021-04-25 22:02:56.751000,13933.891,13930.379,750,750
2021-04-25 22:02:57.219000,13933.843,13930.429,750,750
2021-04-25 22:02:57.269000,13933.951,13930.479,750,750
2021-04-25 22:02:57.373000,13933.401,13930.427,750,17
2021-04-25 22:02:57.423000,13933.671,13930.199,750,750
2021-04-25 22:02:58.336000,13933.791,13930.339,750,750
2021-04-25 22:02:58.623000,13933.803,13930.479,750,750
2021-04-25 22:02:58.673000,13933.891,13930.459,750,750
2021-04-25 22:03:00.369000,13933.943,13930.559,750,750
2021-04-25 22:03:00.419000,13934.011,13930.589,750,750
2021-04-25 22:03:01.019000,13933.991,13930.597,750,740
2021-04-25 22:03:01.069000,13933.951,13930.689,750,750
2021-04-25 22:03:01.769000,13933.833,13930.409,750,750
2021-04-25 22:03:01.820000,13933.841,13930.409,750,750
2021-04-25 22:03:01.929000,13933.843,13930.509,750,750
2021-04-25 22:03:01.979000,13933.941,13930.689,750,750
2021-04-25 22:03:02.738000,13933.391,13930.437,750,17
2021-04-25 22:03:02.789000,13933.441,13929.969,750,750
2021-04-25 22:03:02.899000,13933.473,13930.489,750,39
2021-04-25 22:03:02.950000,13933.911,13930.459,750,750
2021-04-25 22:03:03.969000,13933.973,13930.559,750,750
2021-04-25 22:03:04.020000,13934.011,13930.549,750,750
2021-04-25 22:03:05.423000,13933.971,13930.567,750,740
2021-04-25 22:03:05.474000,13933.971,13930.419,750,750
2021-04-25 22:03:05.841000,13933.893,13930.529,750,750
2021-04-25 22:03:05.891000,13934.001,13930.609,750,750
2021-04-25 22:03:06.357000,13934.151,13930.649,750,750
2021-04-25 22:03:07.479000,13933.981,13930.637,750,740
2021-04-25 22:03:07.529000,13934.081,13930.529,750,750
2021-04-25 22:03:08.836000,13934.063,13930.649,750,750
2021-04-25 22:03:08.886000,13934.181,13930.889,750,750
2021-04-25 22:03:10.153000,13934.123,13930.909,750,39
2021-04-25 22:03:10.203000,13934.361,13930.829,750,750
2021-04-25 22:03:10.314000,13934.383,13931.049,750,750
2021-04-25 22:03:10.364000,13934.581,13931.109,750,750
2021-04-25 22:03:10.835000,13934.421,13931.077,750,740
2021-04-25 22:03:10.885000,13934.461,13930.999,750,750
2021-04-25 22:03:10.999000,13934.371,13931.197,750,17
2021-04-25 22:03:11.049000,13934.371,13930.899,750,750
2021-04-25 22:03:11.529000,13934.283,13930.919,750,750
2021-04-25 22:03:11.579000,13934.471,13930.939,750,750
2021-04-25 22:03:11.690000,13934.311,13930.927,750,740
2021-04-25 22:03:11.740000,13934.371,13930.909,750,750
2021-04-25 22:03:11.852000,13934.383,13930.919,750,750
2021-04-25 22:03:11.902000,13934.481,13930.939,750,750
2021-04-25 22:03:12.668000,13934.291,13931.187,750,17
2021-04-25 22:03:12.719000,13934.361,13930.829,750,750
2021-04-25 22:03:13.246000,13934.283,13930.989,750,750
2021-04-25 22:03:13.304000,13934.451,13930.959,750,750
2021-04-25 22:03:14.504000,13934.443,13931.209,750,39
2021-04-25 22:03:14.554000,13934.671,13931.129,750,750
2021-04-25 22:03:16.072000,13934.593,13931.309,750,750
2021-04-25 22:03:16.122000,13934.841,13931.409,750,750
2021-04-25 22:03:16.545000,13934.571,13931.587,750,17
2021-04-25 22:03:16.596000,13934.511,13931.069,750,750
2021-04-25 22:03:17.901000,13934.361,13931.107,750,17
2021-04-25 22:03:17.952000,13934.361,13930.909,750,750
2021-04-25 22:03:18.986000,13934.293,13931.049,750,750
2021-04-25 22:03:19.037000,13934.481,13931.089,750,750
2021-04-25 22:03:20.647000,13934.533,13931.159,750,750
2021-04-25 22:03:20.697000,13934.671,13931.139,750,750
2021-04-25 22:03:21.577000,13934.653,13931.359,750,750
2021-04-25 22:03:21.627000,13934.611,13931.379,750,750
2021-04-25 22:03:26.090000,13934.853,13931.509,750,750
2021-04-25 22:03:26.141000,13934.981,13931.519,750,750
2021-04-25 22:03:26.588000,13934.973,13931.569,750,750
2021-04-25 22:03:26.639000,13934.981,13931.509,750,750
2021-04-25 22:03:26.969000,13934.993,13931.829,750,39
2021-04-25 22:03:27.019000,13935.291,13931.859,750,750
2021-04-25 22:03:27.291000,13935.121,13931.907,750,17
2021-04-25 22:03:27.341000,13935.171,13931.689,750,750
2021-04-25 22:03:27.452000,13935.153,13932.819,750,39
2021-04-25 22:03:27.502000,13936.101,13933.089,750,750
2021-04-25 22:03:27.613000,13936.383,13932.969,750,750
2021-04-25 22:03:27.664000,13936.411,13932.939,750,750
2021-04-25 22:03:27.788000,13936.321,13932.927,750,740
2021-04-25 22:03:27.839000,13936.301,13932.899,750,750
2021-04-25 22:03:27.949000,13935.581,13932.847,750,17
2021-04-25 22:03:28.000000,13935.301,13932.099,750,750
2021-04-25 22:03:28.108000,13935.391,13932.017,750,740
2021-04-25 22:03:28.158000,13935.461,13931.919,750,750
2021-04-25 22:03:28.269000,13935.371,13931.997,750,740
2021-04-25 22:03:28.319000,13935.291,13931.819,750,750
2021-04-25 22:03:28.431000,13934.931,13931.897,750,17
2021-04-25 22:03:28.482000,13934.931,13931.499,750,750
2021-04-25 22:03:28.590000,13934.963,13931.999,750,39
2021-04-25 22:03:28.641000,13935.431,13931.959,750,750
2021-04-25 22:03:28.750000,13935.341,13932.017,750,740
2021-04-25 22:03:28.800000,13935.291,13931.909,750,750
2021-04-25 22:03:29.076000,13935.293,13932.399,750,39
2021-04-25 22:03:29.126000,13935.591,13932.179,750,750
2021-04-25 22:03:29.503000,13935.521,13932.187,750,740
2021-04-25 22:03:29.553000,13935.581,13932.039,750,750
2021-04-25 22:03:29.987000,13935.493,13932.159,750,750
2021-04-25 22:03:30.037000,13935.591,13932.149,750,750
2021-04-25 22:03:30.148000,13935.673,13932.449,750,39
2021-04-25 22:03:30.198000,13935.951,13932.469,750,750
2021-04-25 22:03:30.631000,13935.621,13932.457,750,17
2021-04-25 22:03:30.682000,13935.601,13932.159,750,750
2021-04-25 22:03:31.208000,13935.673,13932.489,750,39
2021-04-25 22:03:31.258000,13935.951,13932.439,750,750
2021-04-25 22:03:31.849000,13935.713,13932.679,750,750
2021-04-25 22:03:31.899000,13935.901,13932.629,750,750
2021-04-25 22:03:32.393000,13936.123,13933.089,750,39
2021-04-25 22:03:32.444000,13936.381,13932.809,750,750
2021-04-25 22:03:33.415000,13936.161,13932.807,750,740
2021-04-25 22:03:33.465000,13936.181,13932.719,750,750
2021-04-25 22:03:33.773000,13936.153,13932.889,750,750
2021-04-25 22:03:33.824000,13936.341,13932.819,750,750
2021-04-25 22:03:34.222000,13936.103,13932.919,750,750
2021-04-25 22:03:34.273000,13936.451,13932.959,750,750
2021-04-25 22:03:34.676000,13936.423,13933.089,750,750
2021-04-25 22:03:34.726000,13936.311,13933.029,750,750
2021-04-25 22:03:34.836000,13936.471,13933.017,750,740
2021-04-25 22:03:34.886000,13936.481,13932.989,750,750
2021-04-25 22:03:34.996000,13936.091,13932.967,750,17
2021-04-25 22:03:35.046000,13936.121,13932.629,750,750
2021-04-25 22:03:35.158000,13936.133,13932.909,750,39
2021-04-25 22:03:35.208000,13936.431,13932.989,750,750
2021-04-25 22:03:35.760000,13936.413,13933.339,750,39
2021-04-25 22:03:35.810000,13936.871,13933.599,750,750
2021-04-25 22:03:35.930000,13936.623,13933.389,750,750
2021-04-25 22:03:35.981000,13936.671,13933.189,750,750
2021-04-25 22:03:36.082000,13936.421,13933.157,750,740
2021-04-25 22:03:36.132000,13936.381,13932.949,750,750
2021-04-25 22:03:36.483000,13936.453,13933.039,750,750
2021-04-25 22:03:36.533000,13936.491,13933.069,750,750
2021-04-25 22:03:37.137000,13936.573,13933.139,750,750
2021-04-25 22:03:37.188000,13936.591,13933.109,750,750
2021-04-25 22:03:37.300000,13936.591,13933.117,750,740
2021-04-25 22:03:37.351000,13936.551,13933.089,750,750
2021-04-25 22:03:37.659000,13936.591,13933.189,750,750
2021-04-25 22:03:38.322000,13936.511,13933.207,750,740
2021-04-25 22:03:38.372000,13936.571,13933.069,750,750
2021-04-25 22:03:38.482000,13936.513,13933.169,750,750
2021-04-25 22:03:38.533000,13936.611,13933.119,750,750
2021-04-25 22:03:39.011000,13936.101,13933.207,750,17
2021-04-25 22:03:39.062000,13936.351,13932.829,750,750
2021-04-25 22:03:39.202000,13936.363,13932.969,750,750
2021-04-25 22:03:39.252000,13936.471,13933.009,750,750
2021-04-25 22:03:39.522000,13936.291,13932.997,750,740
2021-04-25 22:03:39.573000,13936.351,13932.909,750,750
2021-04-25 22:03:39.704000,13935.901,13932.887,750,740
2021-04-25 22:03:39.755000,13936.101,13932.619,750,750
2021-04-25 22:03:40.027000,13935.903,13933.179,750,39
2021-04-25 22:03:40.077000,13936.631,13933.189,750,750
2021-04-25 22:03:40.445000,13936.403,13933.379,750,750
2021-04-25 22:03:40.495000,13936.851,13933.399,750,750
2021-04-25 22:03:40.818000,13936.893,13933.449,750,750
2021-04-25 22:03:40.868000,13936.941,13933.449,750,750
2021-04-25 22:03:40.980000,13936.381,13933.457,750,17
2021-04-25 22:03:41.031000,13936.421,13932.969,750,750
2021-04-25 22:03:41.141000,13936.393,13933.329,750,39
2021-04-25 22:03:41.191000,13936.791,13933.409,750,750
2021-04-25 22:03:41.304000,13936.883,13933.979,750,39
2021-04-25 22:03:41.354000,13937.201,13934.199,750,750
2021-04-25 22:03:41.698000,13936.981,13933.947,750,17
2021-04-25 22:03:41.749000,13937.021,13933.579,750,750
2021-04-25 22:03:41.860000,13936.531,13933.567,750,17
2021-04-25 22:03:41.910000,13936.521,13933.079,750,750
2021-04-25 22:03:42.023000,13936.523,13933.649,750,39
2021-04-25 22:03:42.073000,13937.191,13933.889,750,750
2021-04-25 22:03:42.448000,13937.061,13933.697,750,740
2021-04-25 22:03:42.499000,13936.991,13933.569,750,750
2021-04-25 22:03:42.789000,13937.083,13933.709,750,750
2021-04-25 22:03:42.839000,13937.141,13933.639,750,750
2021-04-25 22:03:43.032000,13937.031,13933.549,750,750
2021-04-25 22:03:43.550000,13936.821,13933.597,750,17
2021-04-25 22:03:43.600000,13936.791,13933.319,750,750
2021-04-25 22:03:43.932000,13936.863,13933.559,750,750
2021-04-25 22:03:43.983000,13937.051,13933.549,750,750
2021-04-25 22:03:44.087000,13936.401,13933.517,750,17
2021-04-25 22:03:44.137000,13936.381,13932.989,750,750
2021-04-25 22:03:44.641000,13936.443,13933.079,750,750
2021-04-25 22:03:44.692000,13936.551,13933.029,750,750
2021-04-25 22:03:45.499000,13936.491,13933.067,750,740
2021-04-25 22:03:45.550000,13936.491,13933.199,750,750
2021-04-25 22:03:47.225000,13935.871,13932.947,750,17
2021-04-25 22:03:47.275000,13935.851,13932.329,750,750
2021-04-25 22:03:47.440000,13935.661,13932.407,750,17
2021-04-25 22:03:47.490000,13935.611,13932.179,750,750
2021-04-25 22:03:47.600000,13935.403,13933.329,750,39
2021-04-25 22:03:47.650000,13936.821,13933.369,750,750
2021-04-25 22:03:48.157000,13936.661,13933.417,750,17
2021-04-25 22:03:48.208000,13936.601,13933.389,750,750
2021-04-25 22:03:48.897000,13936.593,13933.399,750,39
2021-04-25 22:03:48.948000,13936.811,13933.329,750,750
2021-04-25 22:03:49.058000,13936.863,13933.469,750,750
2021-04-25 22:03:49.108000,13936.971,13933.439,750,750
2021-04-25 22:03:49.219000,13936.821,13933.507,750,740
2021-04-25 22:03:49.269000,13936.811,13933.399,750,750
2021-04-25 22:03:50.659000,13936.603,13933.569,750,750
2021-04-25 22:03:50.710000,13937.091,13933.539,750,750
2021-04-25 22:03:51.781000,13936.813,13933.689,750,750
2021-04-25 22:03:51.831000,13936.911,13933.639,750,750
2021-04-25 22:03:55.553000,13936.601,13933.677,750,17
2021-04-25 22:03:55.604000,13936.841,13933.379,750,750
2021-04-25 22:03:56.205000,13936.793,13933.519,750,750
2021-04-25 22:03:56.255000,13937.031,13933.539,750,750
2021-04-25 22:03:57.331000,13936.911,13933.597,750,740
2021-04-25 22:03:57.381000,13936.891,13933.699,750,750
2021-04-25 22:03:57.995000,13936.953,13933.509,750,750
2021-04-25 22:03:58.046000,13936.981,13933.509,750,750
2021-04-25 22:03:58.353000,13936.951,13933.577,750,740
2021-04-25 22:03:58.403000,13936.901,13933.429,750,750
2021-04-25 22:03:59.196000,13936.963,13933.789,750,39
2021-04-25 22:03:59.246000,13936.811,13933.569,750,750
2021-04-25 22:04:00.707000,13936.411,13933.547,750,17
2021-04-25 22:04:00.758000,13936.451,13932.999,750,750
2021-04-25 22:04:00.868000,13936.311,13932.957,750,740
2021-04-25 22:04:00.919000,13936.311,13932.879,750,750
2021-04-25 22:04:01.028000,13936.181,13932.837,750,740
2021-04-25 22:04:01.078000,13936.171,13932.619,750,750
2021-04-25 22:04:01.189000,13936.001,13932.697,750,740
2021-04-25 22:04:01.240000,13936.081,13932.559,750,750
2021-04-25 22:04:01.350000,13935.971,13932.547,750,740
2021-04-25 22:04:01.400000,13935.991,13932.419,750,750
2021-04-25 22:04:02.158000,13935.891,13932.407,750,740
2021-04-25 22:04:02.209000,13935.861,13932.389,750,750
2021-04-25 22:04:02.315000,13935.601,13932.307,750,740
2021-04-25 22:04:02.366000,13935.661,13932.199,750,750
2021-04-25 22:04:02.479000,13935.461,13932.127,750,740
2021-04-25 22:04:02.529000,13935.451,13931.989,750,750
2021-04-25 22:04:02.833000,13935.203,13932.109,750,750
2021-04-25 22:04:02.884000,13935.531,13932.109,750,750
2021-04-25 22:04:02.998000,13935.411,13932.287,750,17
2021-04-25 22:04:03.048000,13935.441,13931.929,750,750
2021-04-25 22:04:03.440000,13935.403,13932.179,750,750
2021-04-25 22:04:03.491000,13935.681,13932.139,750,750
2021-04-25 22:04:03.716000,13935.581,13932.147,750,740
2021-04-25 22:04:03.766000,13935.311,13932.059,750,750
2021-04-25 22:04:03.877000,13935.201,13932.027,750,740
2021-04-25 22:04:03.927000,13935.421,13932.019,750,750
2021-04-25 22:04:04.109000,13935.413,13932.159,750,750
2021-04-25 22:04:04.159000,13935.631,13932.139,750,750
2021-04-25 22:04:04.270000,13935.481,13932.117,750,740
2021-04-25 22:04:04.320000,13935.401,13931.939,750,750
2021-04-25 22:04:04.945000,13935.443,13932.109,750,750
2021-04-25 22:04:04.996000,13935.491,13932.099,750,750
2021-04-25 22:04:05.269000,13935.211,13932.047,750,740
2021-04-25 22:04:05.319000,13935.441,13931.929,750,750
2021-04-25 22:04:05.430000,13935.423,13932.039,750,750
2021-04-25 22:04:05.481000,13935.581,13932.289,750,750
2021-04-25 22:04:05.772000,13935.461,13932.057,750,740
2021-04-25 22:04:05.822000,13935.401,13931.989,750,750
2021-04-25 22:04:06.988000,13935.483,13932.079,750,750
2021-04-25 22:04:07.039000,13935.301,13932.059,750,750
2021-04-25 22:04:07.150000,13935.483,13932.119,750,750
2021-04-25 22:04:07.200000,13935.601,13932.389,750,750
2021-04-25 22:04:07.310000,13935.511,13932.167,750,740
2021-04-25 22:04:07.361000,13935.571,13932.069,750,750
2021-04-25 22:04:07.472000,13935.411,13932.087,750,740
2021-04-25 22:04:07.523000,13935.451,13931.989,750,750
2021-04-25 22:04:08.287000,13935.453,13932.079,750,750
2021-04-25 22:04:08.338000,13935.501,13932.059,750,750
2021-04-25 22:04:08.505000,13935.421,13932.297,750,17
2021-04-25 22:04:08.555000,13935.411,13932.199,750,750
2021-04-25 22:04:08.667000,13935.481,13932.077,750,740
2021-04-25 22:04:08.718000,13935.561,13932.099,750,750
2021-04-25 22:04:09.182000,13935.391,13932.057,750,740
2021-04-25 22:04:09.232000,13935.391,13931.939,750,750
2021-04-25 22:04:09.341000,13934.901,13932.017,750,17
2021-04-25 22:04:09.391000,13934.891,13931.429,750,750
2021-04-25 22:04:09.673000,13934.713,13931.919,750,39
2021-04-25 22:04:09.723000,13935.481,13931.919,750,750
2021-04-25 22:04:11.916000,13935.091,13931.907,750,17
2021-04-25 22:04:11.966000,13935.141,13931.629,750,750
2021-04-25 22:04:12.077000,13935.001,13931.589,750,750
2021-04-25 22:04:12.948000,13935.073,13931.909,750,39
2021-04-25 22:04:12.998000,13935.371,13931.879,750,750
2021-04-25 22:04:13.796000,13935.151,13931.867,750,740
2021-04-25 22:04:13.846000,13934.901,13931.669,750,750
2021-04-25 22:04:14.624000,13935.103,13932.089,750,39
2021-04-25 22:04:14.674000,13935.481,13932.059,750,750
2021-04-25 22:04:16.286000,13935.423,13932.029,750,750
2021-04-25 22:04:16.336000,13935.431,13931.949,750,750
2021-04-25 22:04:16.447000,13934.981,13931.947,750,17
2021-04-25 22:04:16.497000,13934.991,13931.539,750,750
2021-04-25 22:04:16.999000,13935.013,13931.809,750,39
2021-04-25 22:04:17.049000,13935.291,13931.889,750,750
2021-04-25 22:04:18.346000,13935.323,13931.969,750,750
2021-04-25 22:04:18.397000,13935.471,13931.959,750,750
2021-04-25 22:04:19.412000,13934.811,13931.997,750,17
2021-04-25 22:04:19.462000,13934.841,13931.359,750,750
2021-04-25 22:04:19.574000,13934.833,13931.669,750,39
2021-04-25 22:04:19.624000,13935.161,13931.679,750,750
2021-04-25 22:04:21.814000,13934.981,13931.887,750,17
2021-04-25 22:04:21.864000,13935.071,13931.789,750,750
2021-04-25 22:04:21.973000,13935.083,13931.689,750,750
2021-04-25 22:04:22.024000,13935.091,13931.669,750,750
2021-04-25 22:04:22.625000,13935.051,13931.667,750,740
2021-04-25 22:04:22.676000,13935.041,13931.579,750,750
2021-04-25 22:04:24.118000,13934.941,13931.507,750,740
2021-04-25 22:04:24.169000,13934.961,13931.509,750,750
2021-04-25 22:04:24.280000,13934.831,13931.457,750,740
2021-04-25 22:04:24.330000,13934.861,13931.409,750,750
2021-04-25 22:04:24.660000,13934.823,13931.419,750,750
2021-04-25 22:04:24.710000,13934.941,13931.439,750,750
2021-04-25 22:04:25.180000,13934.983,13931.589,750,750
2021-04-25 22:04:25.231000,13935.081,13931.599,750,750
2021-04-25 22:04:29.636000,13935.043,13931.699,750,750
2021-04-25 22:04:29.687000,13935.171,13931.699,750,750
2021-04-25 22:04:30.749000,13934.511,13931.627,750,17
2021-04-25 22:04:30.799000,13934.561,13931.029,750,750
2021-04-25 22:04:31.945000,13934.313,13931.519,750,39
2021-04-25 22:04:31.995000,13934.901,13931.419,750,750
2021-04-25 22:04:32.105000,13934.891,13931.507,750,740
2021-04-25 22:04:32.155000,13934.851,13931.369,750,750
2021-04-25 22:04:32.268000,13934.793,13931.799,750,39
2021-04-25 22:04:32.318000,13935.031,13931.519,750,750
2021-04-25 22:04:32.428000,13935.081,13931.987,750,17
2021-04-25 22:04:32.479000,13935.401,13931.989,750,750
2021-04-25 22:04:33.195000,13935.413,13932.179,750,750
2021-04-25 22:04:33.245000,13935.631,13932.179,750,750
2021-04-25 22:04:38.661000,13935.683,13932.489,750,39
2021-04-25 22:04:38.711000,13935.941,13932.509,750,750
2021-04-25 22:04:39.170000,13935.893,13932.589,750,750
2021-04-25 22:04:39.221000,13936.021,13932.619,750,750
2021-04-25 22:04:39.330000,13935.921,13932.537,750,740
2021-04-25 22:04:39.381000,13935.961,13932.479,750,750
2021-04-25 22:04:42.501000,13935.953,13932.599,750,750
2021-04-25 22:04:42.552000,13936.011,13932.579,750,750
2021-04-25 22:04:43.095000,13935.921,13932.547,750,740
2021-04-25 22:04:43.145000,13935.941,13932.429,750,750
2021-04-25 22:04:44.716000,13935.913,13932.799,750,39
2021-04-25 22:04:44.766000,13936.091,13932.569,750,750
2021-04-25 22:04:48.689000,13935.921,13932.617,750,740
2021-04-25 22:04:48.740000,13935.911,13932.509,750,750
2021-04-25 22:04:49.312000,13935.973,13932.569,750,750
2021-04-25 22:04:49.362000,13936.011,13932.569,750,750
2021-04-25 22:04:54.173000,13936.033,13932.839,750,39
2021-04-25 22:04:54.223000,13936.391,13932.849,750,750
2021-04-25 22:04:54.334000,13935.861,13932.887,750,17
2021-04-25 22:04:54.385000,13935.821,13932.319,750,750
2021-04-25 22:04:55.801000,13935.803,13932.569,750,750
2021-04-25 22:04:55.852000,13936.061,13932.599,750,750
2021-04-25 22:04:57.665000,13936.053,13932.719,750,750
2021-04-25 22:04:57.716000,13936.131,13932.619,750,750
2021-04-25 22:05:00.324000,13936.193,13932.999,750,39
2021-04-25 22:05:00.374000,13936.411,13932.979,750,750
2021-04-25 22:05:01.044000,13936.463,13933.079,750,750
2021-04-25 22:05:01.095000,13936.591,13933.029,750,750
2021-04-25 22:05:01.210000,13936.503,13933.409,750,39
2021-04-25 22:05:01.260000,13936.861,13933.379,750,750
2021-04-25 22:05:03.500000,13936.521,13933.407,750,17
2021-04-25 22:05:03.550000,13936.571,13933.069,750,750
2021-04-25 22:05:04.252000,13936.311,13933.047,750,740
2021-04-25 22:05:04.302000,13936.291,13932.899,750,750
2021-04-25 22:05:04.412000,13936.101,13932.867,750,740
2021-04-25 22:05:04.463000,13936.171,13932.899,750,750
2021-04-25 22:05:06.013000,13936.173,13932.839,750,750
2021-04-25 22:05:06.064000,13936.301,13932.819,750,750
2021-04-25 22:05:06.598000,13936.121,13932.867,750,740
2021-04-25 22:05:06.649000,13936.191,13932.709,750,750
2021-04-25 22:05:11.099000,13936.153,13932.989,750,39
2021-04-25 22:05:11.149000,13936.441,13932.929,750,750
2021-04-25 22:05:14.294000,13936.521,13933.039,750,750
2021-04-25 22:05:14.503000,13936.341,13933.077,750,740
2021-04-25 22:05:14.553000,13936.391,13932.909,750,750
2021-04-25 22:05:14.666000,13936.333,13933.059,750,750
2021-04-25 22:05:14.716000,13936.491,13933.019,750,750
2021-04-25 22:05:15.126000,13936.583,13933.479,750,39
2021-04-25 22:05:15.176000,13936.711,13933.419,750,750
2021-04-25 22:05:16.185000,13936.861,13933.457,750,740
2021-04-25 22:05:16.235000,13936.871,13933.319,750,750
2021-04-25 22:05:16.351000,13936.641,13933.307,750,740
2021-04-25 22:05:16.401000,13936.601,13933.119,750,750
2021-04-25 22:05:18.217000,13936.521,13933.167,750,740
2021-04-25 22:05:18.268000,13936.571,13933.069,750,750
2021-04-25 22:05:18.379000,13936.451,13933.027,750,740
2021-04-25 22:05:18.430000,13936.461,13932.909,750,750
2021-04-25 22:05:18.991000,13936.373,13933.189,750,39
2021-04-25 22:05:19.042000,13936.301,13933.099,750,750
2021-04-25 22:05:22.876000,13936.091,13932.837,750,17
2021-04-25 22:05:22.926000,13936.071,13932.539,750,750
2021-04-25 22:05:23.440000,13936.013,13932.899,750,39
2021-04-25 22:05:23.490000,13936.161,13932.619,750,750
2021-04-25 22:05:23.762000,13936.143,13933.029,750,39
2021-04-25 22:05:23.813000,13936.491,13933.069,750,750
2021-04-25 22:05:27.201000,13936.481,13933.117,750,740
2021-04-25 22:05:27.251000,13936.451,13932.909,750,750
2021-04-25 22:05:27.361000,13936.361,13933.187,750,17
2021-04-25 22:05:27.412000,13936.301,13932.909,750,750
2021-04-25 22:05:28.087000,13936.343,13932.929,750,750
2021-04-25 22:05:28.137000,13936.391,13932.969,750,750
2021-04-25 22:05:28.245000,13936.473,13933.149,750,750
2021-04-25 22:05:28.296000,13936.631,13933.389,750,750
2021-04-25 22:05:34.086000,13936.481,13933.157,750,740
2021-04-25 22:05:34.223000,13936.481,13932.939,750,750
2021-04-25 22:05:34.273000,13936.521,13933.109,750,750
2021-04-25 22:05:37.749000,13936.481,13933.077,750,740
2021-04-25 22:05:37.799000,13936.391,13932.919,750,750
2021-04-25 22:05:37.908000,13936.423,13933.019,750,750
2021-04-25 22:05:37.958000,13936.301,13933.109,750,750
2021-04-25 22:05:39.321000,13936.281,13933.087,750,740
2021-04-25 22:05:39.372000,13936.361,13932.909,750,750
2021-04-25 22:05:39.709000,13936.333,13932.989,750,750
2021-04-25 22:05:39.760000,13936.421,13932.969,750,750
2021-04-25 22:05:42.088000,13936.101,13933.007,750,17
2021-04-25 22:05:42.138000,13936.091,13932.649,750,750
2021-04-25 22:05:46.355000,13936.083,13932.889,750,750
2021-04-25 22:05:46.405000,13936.371,13932.839,750,750
2021-04-25 22:05:48.933000,13936.373,13932.949,750,750
2021-04-25 22:05:48.983000,13936.471,13932.999,750,750
2021-04-25 22:05:49.094000,13936.381,13932.917,750,740
2021-04-25 22:05:49.145000,13936.301,13932.849,750,750
2021-04-25 22:05:53.144000,13936.111,13932.817,750,740
2021-04-25 22:05:53.194000,13936.191,13932.709,750,750
2021-04-25 22:05:53.307000,13935.801,13932.617,750,740
2021-04-25 22:05:53.357000,13936.071,13932.549,750,750
2021-04-25 22:05:58.352000,13936.073,13932.669,750,750
2021-04-25 22:05:58.402000,13936.121,13932.639,750,750
2021-04-25 22:05:58.511000,13936.021,13932.677,750,740
2021-04-25 22:05:58.562000,13936.011,13932.589,750,750
2021-04-25 22:06:00.695000,13935.571,13932.517,750,17
2021-04-25 22:06:00.745000,13935.581,13932.059,750,750
2021-04-25 22:06:05.717000,13935.471,13932.047,750,740
2021-04-25 22:06:05.768000,13935.211,13931.999,750,750
2021-04-25 22:06:06.429000,13935.111,13931.967,750,740
2021-04-25 22:06:06.480000,13935.361,13931.889,750,750
2021-04-25 22:06:06.976000,13935.113,13931.959,750,750
2021-04-25 22:06:07.026000,13935.391,13931.989,750,750
2021-04-25 22:06:07.136000,13935.493,13932.299,750,39
2021-04-25 22:06:07.187000,13935.301,13932.019,750,750
2021-04-25 22:06:15.443000,13935.503,13932.179,750,750
2021-04-25 22:06:15.493000,13935.681,13932.199,750,750
2021-04-25 22:06:17.169000,13935.413,13932.339,750,750
2021-04-25 22:06:17.219000,13935.821,13932.349,750,750
2021-04-25 22:06:20.268000,13935.671,13932.397,750,740
2021-04-25 22:06:20.319000,13935.601,13932.149,750,750
2021-04-25 22:06:20.971000,13935.511,13932.147,750,740
2021-04-25 22:06:21.021000,13935.561,13932.059,750,750
2021-04-25 22:06:21.718000,13935.211,13932.017,750,740
2021-04-25 22:06:21.769000,13935.211,13931.949,750,750
2021-04-25 22:06:24.637000,13935.433,13932.119,750,750
2021-04-25 22:06:24.687000,13935.591,13932.029,750,750
2021-04-25 22:06:28.230000,13935.391,13932.057,750,740
2021-04-25 22:06:28.281000,13935.441,13931.929,750,750
2021-04-25 22:06:28.572000,13935.331,13931.957,750,740
2021-04-25 22:06:28.622000,13935.331,13931.819,750,750
2021-04-25 22:06:30.369000,13935.363,13932.329,750,39
2021-04-25 22:06:30.420000,13935.881,13932.409,750,750
2021-04-25 22:06:32.594000,13935.883,13932.409,750,750
2021-04-25 22:06:32.645000,13935.981,13932.689,750,750
2021-04-25 22:06:33.870000,13935.601,13932.687,750,17
2021-04-25 22:06:33.920000,13935.791,13932.339,750,750
2021-04-25 22:06:36.158000,13935.561,13932.337,750,17
2021-04-25 22:06:36.208000,13935.551,13932.299,750,750
2021-04-25 22:06:38.130000,13934.181,13932.057,750,17
2021-04-25 22:06:38.180000,13934.171,13930.639,750,750
2021-04-25 22:06:38.289000,13934.011,13930.657,750,740
2021-04-25 22:06:38.339000,13934.051,13930.619,750,750
2021-04-25 22:06:38.450000,13934.033,13930.899,750,39
2021-04-25 22:06:38.501000,13934.171,13930.719,750,750
2021-04-25 22:06:41.879000,13933.801,13930.617,750,740
2021-04-25 22:06:41.929000,13934.071,13930.529,750,750
2021-04-25 22:06:42.237000,13933.911,13930.787,750,17
2021-04-25 22:06:42.288000,13933.951,13930.699,750,750
2021-04-25 22:06:43.835000,13933.923,13930.689,750,750
2021-04-25 22:06:43.886000,13934.131,13930.699,750,750
2021-04-25 22:06:43.991000,13933.911,13930.657,750,740
2021-04-25 22:06:44.041000,13933.931,13930.509,750,750
2021-04-25 22:06:44.428000,13933.651,13930.487,750,17
2021-04-25 22:06:44.479000,13933.411,13930.119,750,750
2021-04-25 22:06:49.439000,13933.623,13930.399,750,750
2021-04-25 22:06:49.489000,13933.781,13930.599,750,750
2021-04-25 22:06:49.598000,13933.651,13930.387,750,740
2021-04-25 22:06:49.648000,13933.591,13930.139,750,750
2021-04-25 22:06:51.211000,13933.581,13930.167,750,740
2021-04-25 22:06:51.261000,13933.521,13930.049,750,750
2021-04-25 22:06:51.367000,13933.483,13930.019,750,750
2021-04-25 22:06:51.417000,13933.461,13929.919,750,750
2021-04-25 22:06:51.901000,13933.181,13929.937,750,17
2021-04-25 22:06:51.951000,13933.101,13929.699,750,750
2021-04-25 22:06:52.066000,13933.001,13929.657,750,740
2021-04-25 22:06:52.116000,13932.801,13929.609,750,750
2021-04-25 22:06:52.229000,13933.043,13929.899,750,39
2021-04-25 22:06:52.279000,13932.911,13929.619,750,750
2021-04-25 22:06:52.389000,13933.123,13930.389,750,39
2021-04-25 22:06:52.439000,13933.621,13930.389,750,750
2021-04-25 22:06:53.077000,13933.531,13930.387,750,17
2021-04-25 22:06:53.128000,13933.541,13930.289,750,750
2021-04-25 22:06:53.239000,13933.471,13930.087,750,740
2021-04-25 22:06:53.290000,13933.481,13930.009,750,750
2021-04-25 22:06:53.399000,13933.291,13929.937,750,740
2021-04-25 22:06:53.449000,13933.381,13929.819,750,750
2021-04-25 22:06:54.969000,13933.131,13929.837,750,740
2021-04-25 22:06:55.020000,13933.191,13929.669,750,750
2021-04-25 22:06:55.131000,13932.941,13929.707,750,17
2021-04-25 22:06:55.182000,13932.991,13929.499,750,750
2021-04-25 22:06:55.315000,13932.601,13929.477,750,17
2021-04-25 22:06:55.366000,13932.591,13929.399,750,750
2021-04-25 22:06:55.614000,13932.633,13929.479,750,39
2021-04-25 22:06:55.664000,13932.981,13929.429,750,750
2021-04-25 22:06:55.786000,13932.943,13929.549,750,750
2021-04-25 22:06:55.836000,13932.981,13929.519,750,750
2021-04-25 22:06:55.992000,13932.921,13929.607,750,740
2021-04-25 22:06:56.042000,13932.941,13929.499,750,750
2021-04-25 22:06:56.154000,13932.471,13929.467,750,17
2021-04-25 22:06:56.204000,13932.481,13928.959,750,750
2021-04-25 22:06:59.254000,13932.301,13928.977,750,740
2021-04-25 22:06:59.305000,13932.311,13929.099,750,750
2021-04-25 22:07:00.350000,13932.131,13928.917,750,17
2021-04-25 22:07:00.400000,13932.091,13928.619,750,750
2021-04-25 22:07:00.510000,13932.031,13928.687,750,740
2021-04-25 22:07:00.561000,13931.801,13928.599,750,750
2021-04-25 22:07:00.672000,13932.003,13929.089,750,39
2021-04-25 22:07:00.723000,13932.581,13929.059,750,750
2021-04-25 22:07:01.017000,13932.441,13929.087,750,740
2021-04-25 22:07:01.067000,13932.431,13928.979,750,750
2021-04-25 22:07:01.795000,13932.101,13928.977,750,17
2021-04-25 22:07:01.846000,13932.131,13928.699,750,750
2021-04-25 22:07:02.725000,13931.981,13928.657,750,740
2021-04-25 22:07:02.776000,13931.901,13928.439,750,750
2021-04-25 22:07:02.886000,13932.081,13928.619,750,750
2021-04-25 22:07:03.046000,13932.011,13928.627,750,740
2021-04-25 22:07:03.096000,13931.991,13928.529,750,750
2021-04-25 22:07:03.444000,13931.851,13928.547,750,740
2021-04-25 22:07:03.495000,13931.791,13928.339,750,750
2021-04-25 22:07:05.032000,13931.813,13928.559,750,750
2021-04-25 22:07:05.082000,13932.081,13928.549,750,750
2021-04-25 22:07:05.823000,13931.711,13928.567,750,740
2021-04-25 22:07:05.874000,13931.711,13928.479,750,750
2021-04-25 22:07:06.162000,13931.893,13928.569,750,750
2021-04-25 22:07:06.212000,13932.021,13928.569,750,750
2021-04-25 22:07:06.788000,13931.941,13928.587,750,740
2021-04-25 22:07:06.838000,13931.951,13928.449,750,750
2021-04-25 22:07:09.663000,13931.841,13928.507,750,740
2021-04-25 22:07:09.713000,13931.851,13928.399,750,750
2021-04-25 22:07:14.620000,13931.803,13929.289,750,39
2021-04-25 22:07:14.670000,13932.491,13929.089,750,750
2021-04-25 22:07:15.078000,13932.391,13929.107,750,740
2021-04-25 22:07:15.129000,13932.441,13929.199,750,750
2021-04-25 22:07:15.401000,13932.433,13929.019,750,750
2021-04-25 22:07:15.451000,13932.491,13929.089,750,750
2021-04-25 22:07:15.562000,13932.391,13929.107,750,740
2021-04-25 22:07:15.612000,13932.441,13928.929,750,750
2021-04-25 22:07:15.823000,13932.433,13929.299,750,39
2021-04-25 22:07:15.873000,13932.581,13929.049,750,750
2021-04-25 22:07:15.984000,13932.361,13929.027,750,740
2021-04-25 22:07:16.035000,13932.351,13928.889,750,750
2021-04-25 22:07:16.488000,13932.343,13929.109,750,39
2021-04-25 22:07:16.538000,13932.661,13929.149,750,750
2021-04-25 22:07:16.923000,13932.561,13929.207,750,740
2021-04-25 22:07:16.973000,13932.501,13929.039,750,750
2021-04-25 22:07:17.285000,13932.553,13929.129,750,750
2021-04-25 22:07:17.336000,13932.621,13929.189,750,750
2021-04-25 22:07:17.608000,13932.593,13929.339,750,750
2021-04-25 22:07:17.658000,13932.881,13929.349,750,750
2021-04-25 22:07:17.768000,13932.501,13929.327,750,17
2021-04-25 22:07:17.818000,13932.591,13929.109,750,750
2021-04-25 22:07:18.969000,13932.573,13929.209,750,750
2021-04-25 22:07:19.019000,13932.581,13929.149,750,750
2021-04-25 22:07:19.129000,13932.571,13929.207,750,740
2021-04-25 22:07:19.180000,13932.501,13929.049,750,750
2021-04-25 22:07:24.732000,13932.301,13929.107,750,17
2021-04-25 22:07:24.782000,13932.361,13928.809,750,750
2021-04-25 22:07:24.891000,13932.091,13928.867,750,740
2021-04-25 22:07:24.941000,13932.171,13928.629,750,750
2021-04-25 22:07:25.052000,13932.083,13928.899,750,39
2021-04-25 22:07:25.102000,13932.391,13928.889,750,750
2021-04-25 22:07:27.481000,13931.701,13928.857,750,17
2021-04-25 22:07:27.531000,13931.941,13928.689,750,750
2021-04-25 22:07:29.403000,13931.811,13928.427,750,740
2021-04-25 22:07:29.453000,13931.811,13928.349,750,750
2021-04-25 22:07:29.597000,13931.813,13928.419,750,750
2021-04-25 22:07:29.648000,13931.711,13928.459,750,750
2021-04-25 22:07:29.757000,13931.661,13928.697,750,17
2021-04-25 22:07:29.808000,13931.591,13928.149,750,750
2021-04-25 22:07:30.144000,13931.441,13928.157,750,740
2021-04-25 22:07:30.195000,13931.441,13927.979,750,750
2021-04-25 22:07:30.832000,13931.181,13927.987,750,17
2021-04-25 22:07:30.882000,13931.081,13927.629,750,750
2021-04-25 22:07:30.990000,13931.093,13927.959,750,39
2021-04-25 22:07:31.040000,13931.451,13927.969,750,750
2021-04-25 22:07:31.733000,13931.383,13928.219,750,39
2021-04-25 22:07:31.783000,13931.651,13928.159,750,750
2021-04-25 22:07:31.897000,13931.871,13928.339,750,750
2021-04-25 22:07:33.216000,13931.561,13928.407,750,17
2021-04-25 22:07:33.266000,13931.531,13928.079,750,750
2021-04-25 22:07:36.461000,13931.471,13928.107,750,740
2021-04-25 22:07:36.511000,13931.411,13927.979,750,750
2021-04-25 22:07:41.674000,13929.321,13927.997,750,17
2021-04-25 22:07:41.725000,13929.371,13926.089,750,750
2021-04-25 22:07:41.835000,13928.991,13925.867,750,17
2021-04-25 22:07:41.885000,13928.921,13925.439,750,750
2021-04-25 22:07:43.649000,13929.021,13925.539,750,750
2021-04-25 22:07:44.583000,13928.803,13925.999,750,39
2021-04-25 22:07:44.634000,13929.441,13925.929,750,750
2021-04-25 22:07:44.859000,13929.301,13926.017,750,740
2021-04-25 22:07:44.909000,13929.331,13926.089,750,750
2021-04-25 22:07:45.023000,13929.391,13925.959,750,750
2021-04-25 22:07:45.181000,13929.423,13926.029,750,750
2021-04-25 22:07:45.231000,13929.561,13926.109,750,750
2021-04-25 22:07:45.515000,13929.493,13926.489,750,39
2021-04-25 22:07:45.565000,13929.981,13926.489,750,750
2021-04-25 22:07:45.677000,13929.691,13926.687,750,17
2021-04-25 22:07:45.728000,13929.411,13926.109,750,750
2021-04-25 22:07:46.129000,13929.391,13926.147,750,740
2021-04-25 22:07:46.179000,13929.201,13925.999,750,750
2021-04-25 22:07:46.814000,13929.403,13926.039,750,750
2021-04-25 22:07:46.864000,13929.561,13926.039,750,750
2021-04-25 22:07:47.411000,13929.543,13926.339,750,39
2021-04-25 22:07:47.461000,13929.821,13926.329,750,750
2021-04-25 22:07:47.576000,13929.611,13926.397,750,17
2021-04-25 22:07:47.626000,13929.611,13926.109,750,750
2021-04-25 22:07:47.737000,13929.643,13926.699,750,39
2021-04-25 22:07:47.787000,13929.901,13926.509,750,750
2021-04-25 22:07:48.078000,13929.801,13926.487,750,740
2021-04-25 22:07:48.128000,13929.811,13926.339,750,750
2021-04-25 22:07:49.136000,13929.803,13927.069,750,39
2021-04-25 22:07:49.186000,13930.521,13927.029,750,750
2021-04-25 22:07:49.296000,13929.941,13927.087,750,17
2021-04-25 22:07:49.439000,13929.951,13926.419,750,750
2021-04-25 22:07:50.006000,13929.883,13926.599,750,750
2021-04-25 22:07:50.056000,13930.051,13926.599,750,750
2021-04-25 22:07:50.166000,13930.073,13926.859,750,39
2021-04-25 22:07:50.217000,13930.311,13926.849,750,750
2021-04-25 22:07:50.603000,13930.313,13927.139,750,39
2021-04-25 22:07:50.653000,13930.631,13927.129,750,750
2021-04-25 22:07:51.077000,13930.551,13927.207,750,740
2021-04-25 22:07:51.127000,13930.561,13927.059,750,750
2021-04-25 22:07:51.238000,13930.301,13927.047,750,740
2021-04-25 22:07:51.288000,13930.311,13926.899,750,750
2021-04-25 22:07:52.694000,13929.901,13926.807,750,17
2021-04-25 22:07:52.744000,13929.991,13926.689,750,750
2021-04-25 22:07:54.757000,13929.923,13926.969,750,39
2021-04-25 22:07:54.808000,13930.471,13926.979,750,750
2021-04-25 22:07:54.976000,13930.351,13926.967,750,740
2021-04-25 22:07:55.026000,13930.351,13926.889,750,750
2021-04-25 22:07:55.138000,13930.171,13926.857,750,740
2021-04-25 22:07:55.188000,13930.141,13926.649,750,750
2021-04-25 22:07:55.599000,13930.071,13926.637,750,740
2021-04-25 22:07:55.650000,13930.081,13926.789,750,750
2021-04-25 22:07:56.342000,13930.083,13926.629,750,750
2021-04-25 22:07:56.392000,13930.151,13926.689,750,750
2021-04-25 22:07:56.504000,13929.991,13926.657,750,740
2021-04-25 22:07:56.554000,13930.011,13926.509,750,750
2021-04-25 22:07:56.896000,13929.951,13926.527,750,740
2021-04-25 22:07:56.946000,13929.991,13926.479,750,750
2021-04-25 22:07:57.486000,13929.993,13926.579,750,750
2021-04-25 22:07:57.537000,13930.001,13926.539,750,750
2021-04-25 22:07:57.645000,13929.931,13926.787,750,17
2021-04-25 22:07:57.696000,13929.901,13926.459,750,750
2021-04-25 22:07:58.033000,13929.913,13926.699,750,39
2021-04-25 22:07:58.083000,13930.151,13926.649,750,750
2021-04-25 22:08:00.345000,13930.163,13926.869,750,750
2021-04-25 22:08:00.395000,13930.381,13926.889,750,750
2021-04-25 22:08:02.950000,13930.141,13926.817,750,740
2021-04-25 22:08:03.000000,13930.081,13926.709,750,750
2021-04-25 22:08:07.931000,13930.071,13926.697,750,740
2021-04-25 22:08:07.982000,13930.081,13926.599,750,750
2021-04-25 22:08:08.093000,13929.871,13926.547,750,740
2021-04-25 22:08:08.143000,13929.861,13926.359,750,750
2021-04-25 22:08:08.299000,13929.611,13926.367,750,740
2021-04-25 22:08:08.350000,13929.641,13926.169,750,750
2021-04-25 22:08:08.461000,13929.663,13926.329,750,750
2021-04-25 22:08:08.511000,13929.811,13926.379,750,750
2021-04-25 22:08:12.468000,13929.813,13926.499,750,750
2021-04-25 22:08:12.519000,13929.991,13926.419,750,750
2021-04-25 22:08:12.635000,13929.811,13926.507,750,740
2021-04-25 22:08:12.685000,13929.841,13926.389,750,750
2021-04-25 22:08:13.823000,13929.561,13926.417,750,17
2021-04-25 22:08:13.874000,13929.551,13926.029,750,750
2021-04-25 22:08:15.353000,13929.191,13926.077,750,17
2021-04-25 22:08:15.403000,13929.191,13925.709,750,750
2021-04-25 22:08:15.512000,13929.123,13926.109,750,39
2021-04-25 22:08:15.562000,13929.301,13926.039,750,750
2021-04-25 22:08:15.710000,13929.481,13926.297,750,17
2021-04-25 22:08:15.760000,13929.441,13925.949,750,750
2021-04-25 22:08:15.868000,13929.151,13925.917,750,17
2021-04-25 22:08:15.918000,13929.191,13925.659,750,750
2021-04-25 22:08:17.096000,13929.103,13925.839,750,750
2021-04-25 22:08:17.146000,13929.311,13925.919,750,750
2021-04-25 22:08:18.161000,13929.363,13925.979,750,750
2021-04-25 22:08:18.211000,13929.421,13925.929,750,750
2021-04-25 22:08:18.319000,13929.413,13926.029,750,750
2021-04-25 22:08:18.369000,13929.561,13926.099,750,750
2021-04-25 22:08:18.642000,13928.601,13926.077,750,17
2021-04-25 22:08:18.692000,13928.651,13925.159,750,750
2021-04-25 22:08:18.804000,13928.663,13925.499,750,39
2021-04-25 22:08:18.854000,13928.971,13925.429,750,750
2021-04-25 22:08:19.890000,13928.831,13925.427,750,740
2021-04-25 22:08:19.940000,13928.841,13925.409,750,750
2021-04-25 22:08:20.301000,13928.631,13925.377,750,740
2021-04-25 22:08:20.351000,13928.621,13925.209,750,750
2021-04-25 22:08:25.471000,13928.643,13925.679,750,39
2021-04-25 22:08:25.521000,13929.151,13925.619,750,750
2021-04-25 22:08:25.632000,13929.133,13925.939,750,39
2021-04-25 22:08:25.683000,13929.441,13925.939,750,750
2021-04-25 22:08:30.602000,13929.483,13926.019,750,750
2021-04-25 22:08:30.653000,13929.521,13926.039,750,750
2021-04-25 22:08:30.763000,13929.563,13926.359,750,39
2021-04-25 22:08:30.813000,13929.841,13926.339,750,750
2021-04-25 22:08:31.333000,13929.601,13926.407,750,17
2021-04-25 22:08:31.383000,13929.651,13926.189,750,750
2021-04-25 22:08:31.653000,13929.583,13926.369,750,750
2021-04-25 22:08:31.704000,13929.611,13926.369,750,750
2021-04-25 22:08:34.574000,13929.331,13926.417,750,17
2021-04-25 22:08:34.625000,13929.281,13925.819,750,750
2021-04-25 22:08:35.541000,13929.383,13925.979,750,750
2021-04-25 22:08:35.591000,13929.441,13926.009,750,750
2021-04-25 22:08:35.700000,13929.443,13926.149,750,750
2021-04-25 22:08:35.751000,13929.671,13926.209,750,750
2021-04-25 22:08:35.985000,13929.571,13926.207,750,740
2021-04-25 22:08:36.035000,13929.511,13926.109,750,750
2021-04-25 22:08:36.145000,13929.503,13926.119,750,750
2021-04-25 22:08:36.195000,13929.591,13926.189,750,750
2021-04-25 22:08:37.675000,13929.603,13926.329,750,750
2021-04-25 22:08:37.725000,13929.881,13926.419,750,750
2021-04-25 22:08:37.836000,13929.411,13926.367,750,17
2021-04-25 22:08:37.886000,13929.461,13925.979,750,750
2021-04-25 22:08:40.808000,13929.361,13925.889,750,750
2021-04-25 22:08:41.808000,13929.393,13926.039,750,750
2021-04-25 22:08:41.858000,13929.521,13926.289,750,750
2021-04-25 22:08:42.497000,13929.493,13926.409,750,39
2021-04-25 22:08:42.547000,13929.991,13926.479,750,750
2021-04-25 22:08:43.446000,13929.811,13926.507,750,740
2021-04-25 22:08:43.497000,13929.811,13926.359,750,750
2021-04-25 22:08:44.915000,13929.811,13926.487,750,740
2021-04-25 22:08:44.965000,13929.941,13926.689,750,750
2021-04-25 22:08:45.950000,13929.421,13926.417,750,17
2021-04-25 22:08:46.000000,13929.461,13925.919,750,750
2021-04-25 22:08:47.299000,13927.931,13926.187,750,17
2021-04-25 22:08:47.350000,13927.951,13924.439,750,750
2021-04-25 22:08:49.975000,13927.061,13924.507,750,17
2021-04-25 22:08:50.025000,13927.001,13923.529,750,750
2021-04-25 22:08:51.774000,13926.601,13923.517,750,17
2021-04-25 22:08:51.824000,13926.691,13923.159,750,750
2021-04-25 22:08:51.936000,13926.593,13923.789,750,39
2021-04-25 22:08:51.986000,13927.021,13923.559,750,750
2021-04-25 22:08:52.098000,13926.551,13923.787,750,17
2021-04-25 22:08:52.149000,13926.531,13923.099,750,750
2021-04-25 22:08:52.641000,13926.421,13923.067,750,740
2021-04-25 22:08:52.692000,13926.401,13922.949,750,750
2021-04-25 22:08:52.962000,13926.341,13922.927,750,740
2021-04-25 22:08:53.012000,13926.361,13922.889,750,750
2021-04-25 22:08:53.611000,13925.831,13922.907,750,17
2021-04-25 22:08:53.662000,13925.861,13922.329,750,750
2021-04-25 22:08:53.774000,13925.661,13922.317,750,740
2021-04-25 22:08:53.825000,13925.651,13922.109,750,750
2021-04-25 22:08:54.400000,13925.603,13922.599,750,39
2021-04-25 22:08:54.450000,13925.841,13922.419,750,750
2021-04-25 22:08:54.561000,13925.401,13922.357,750,17
2021-04-25 22:08:54.611000,13925.421,13921.999,750,750
2021-04-25 22:08:54.722000,13925.473,13922.139,750,750
2021-04-25 22:08:54.772000,13925.651,13922.219,750,750
2021-04-25 22:08:54.884000,13925.491,13922.197,750,740
2021-04-25 22:08:54.934000,13925.561,13922.109,750,750
2021-04-25 22:08:55.043000,13925.451,13922.087,750,740
2021-04-25 22:08:55.094000,13925.441,13921.929,750,750
2021-04-25 22:08:55.498000,13925.111,13921.917,750,740
2021-04-25 22:08:55.549000,13925.311,13921.879,750,750
2021-04-25 22:08:57.400000,13925.293,13921.919,750,750
2021-04-25 22:08:57.450000,13925.391,13921.919,750,750
2021-04-25 22:08:57.561000,13924.921,13922.197,750,17
2021-04-25 22:08:57.612000,13924.921,13921.439,750,750
2021-04-25 22:08:57.723000,13924.601,13921.427,750,17
2021-04-25 22:08:57.773000,13924.411,13921.199,750,750
2021-04-25 22:08:58.103000,13924.413,13921.439,750,39
2021-04-25 22:08:58.153000,13924.961,13921.429,750,750
2021-04-25 22:08:59.260000,13924.841,13921.427,750,740
2021-04-25 22:08:59.311000,13924.841,13921.369,750,750
2021-04-25 22:08:59.796000,13924.661,13921.407,750,17
2021-04-25 22:08:59.846000,13924.671,13921.129,750,750
2021-04-25 22:08:59.953000,13924.493,13921.109,750,750
2021-04-25 22:09:00.004000,13924.511,13921.069,750,750
2021-04-25 22:09:00.298000,13924.471,13921.057,750,740
2021-04-25 22:09:00.349000,13924.421,13920.909,750,750
2021-04-25 22:09:00.620000,13924.483,13921.039,750,750
2021-04-25 22:09:00.671000,13924.561,13921.079,750,750
2021-04-25 22:09:00.781000,13923.591,13921.037,750,17
2021-04-25 22:09:00.831000,13923.661,13920.209,750,750
2021-04-25 22:09:00.944000,13923.603,13921.009,750,39
2021-04-25 22:09:00.994000,13924.381,13921.019,750,750
2021-04-25 22:09:02.060000,13924.671,13921.129,750,750
2021-04-25 22:09:02.774000,13924.581,13921.147,750,740
2021-04-25 22:09:02.824000,13924.541,13921.109,750,750
2021-04-25 22:09:02.934000,13924.503,13921.389,750,39
2021-04-25 22:09:02.984000,13924.661,13921.119,750,750
2021-04-25 22:09:03.257000,13924.583,13921.379,750,750
2021-04-25 22:09:03.308000,13924.831,13921.379,750,750
2021-04-25 22:09:03.417000,13924.641,13921.387,750,740
2021-04-25 22:09:03.467000,13924.591,13921.189,750,750
2021-04-25 22:09:03.708000,13924.603,13921.319,750,750
2021-04-25 22:09:03.758000,13924.841,13921.409,750,750
2021-04-25 22:09:03.868000,13924.681,13921.597,750,17
2021-04-25 22:09:03.918000,13924.591,13921.199,750,750
2021-04-25 22:09:05.521000,13924.633,13921.689,750,39
2021-04-25 22:09:05.572000,13925.181,13921.639,750,750
2021-04-25 22:09:07.266000,13924.921,13921.687,750,740
2021-04-25 22:09:07.316000,13924.931,13921.479,750,750
2021-04-25 22:09:07.683000,13924.391,13921.517,750,17
2021-04-25 22:09:07.733000,13924.471,13920.989,750,750
2021-04-25 22:09:09.166000,13924.423,13921.129,750,750
2021-04-25 22:09:09.216000,13924.671,13921.189,750,750
2021-04-25 22:09:10.030000,13924.593,13921.509,750,39
2021-04-25 22:09:10.080000,13925.071,13921.539,750,750
2021-04-25 22:09:10.193000,13924.921,13921.597,750,740
2021-04-25 22:09:10.243000,13924.951,13921.489,750,750
2021-04-25 22:09:10.743000,13924.841,13921.507,750,740
2021-04-25 22:09:10.794000,13924.791,13921.399,750,750
2021-04-25 22:09:11.481000,13924.863,13921.469,750,750
2021-04-25 22:09:11.531000,13924.901,13921.699,750,750
2021-04-25 22:09:12.020000,13924.983,13921.619,750,750
2021-04-25 22:09:12.071000,13925.181,13921.699,750,750
2021-04-25 22:09:12.887000,13924.913,13921.859,750,750
2021-04-25 22:09:12.937000,13925.301,13921.909,750,750
2021-04-25 22:09:13.048000,13925.333,13921.919,750,750
2021-04-25 22:09:13.098000,13925.381,13921.969,750,750
2021-04-25 22:09:16.420000,13925.131,13922.187,750,17
2021-04-25 22:09:16.470000,13925.141,13921.609,750,750
2021-04-25 22:09:17.275000,13925.093,13921.989,750,39
2021-04-25 22:09:17.326000,13925.431,13921.999,750,750
2021-04-25 22:09:18.894000,13925.483,13922.019,750,750
2021-04-25 22:09:18.944000,13925.521,13922.049,750,750
2021-04-25 22:09:21.410000,13925.483,13922.119,750,750
2021-04-25 22:09:21.460000,13925.651,13922.159,750,750
2021-04-25 22:09:23.159000,13925.663,13922.339,750,750
2021-04-25 22:09:23.209000,13925.871,13922.329,750,750
2021-04-25 22:09:24.274000,13925.833,13922.439,750,750
2021-04-25 22:09:24.324000,13925.971,13922.459,750,750
2021-04-25 22:09:26.155000,13925.963,13922.559,750,750
2021-04-25 22:09:26.205000,13926.071,13922.559,750,750
2021-04-25 22:09:26.357000,13925.811,13922.947,750,17
2021-04-25 22:09:26.407000,13926.201,13922.999,750,750
2021-04-25 22:09:26.517000,13926.111,13922.947,750,740
2021-04-25 22:09:26.568000,13926.311,13922.879,750,750
2021-04-25 22:09:26.678000,13926.131,13922.817,750,740
2021-04-25 22:09:26.728000,13926.131,13922.639,750,750
2021-04-25 22:09:26.897000,13926.183,13922.889,750,750
2021-04-25 22:09:26.948000,13926.351,13922.819,750,750
2021-04-25 22:09:27.060000,13925.601,13922.847,750,17
2021-04-25 22:09:27.110000,13925.801,13922.419,750,750
2021-04-25 22:09:27.220000,13925.833,13922.829,750,39
2021-04-25 22:09:27.270000,13926.361,13922.819,750,750
2021-04-25 22:09:27.420000,13926.383,13923.049,750,750
2021-04-25 22:09:27.470000,13926.561,13923.299,750,750
2021-04-25 22:09:27.583000,13926.191,13922.699,750,750
2021-04-25 22:09:28.161000,13926.143,13922.839,750,750
2021-04-25 22:09:28.211000,13926.301,13922.839,750,750
2021-04-25 22:09:31.654000,13926.113,13923.199,750,39
2021-04-25 22:09:31.704000,13926.591,13923.159,750,750
2021-04-25 22:09:32.264000,13926.551,13923.177,750,740
2021-04-25 22:09:32.315000,13926.531,13923.109,750,750
2021-04-25 22:09:33.161000,13926.573,13923.439,750,39
2021-04-25 22:09:33.212000,13926.711,13923.689,750,750
2021-04-25 22:09:33.322000,13926.561,13923.427,750,17
2021-04-25 22:09:33.372000,13926.531,13923.099,750,750
2021-04-25 22:09:33.697000,13926.471,13923.097,750,740
2021-04-25 22:09:33.747000,13926.381,13922.979,750,750
2021-04-25 22:09:35.746000,13926.203,13923.349,750,39
2021-04-25 22:09:35.797000,13926.851,13923.399,750,750
2021-04-25 22:09:35.907000,13926.601,13923.327,750,740
2021-04-25 22:09:35.957000,13926.581,13923.399,750,750
2021-04-25 22:09:36.520000,13926.511,13923.167,750,740
2021-04-25 22:09:36.570000,13926.511,13923.089,750,750
2021-04-25 22:09:36.682000,13926.371,13923.047,750,740
2021-04-25 22:09:36.732000,13926.361,13922.899,750,750
2021-04-25 22:09:37.960000,13926.151,13922.837,750,740
2021-04-25 22:09:38.011000,13926.081,13922.709,750,750
2021-04-25 22:09:38.284000,13926.133,13923.189,750,39
2021-04-25 22:09:38.335000,13926.591,13923.209,750,750
2021-04-25 22:09:38.445000,13926.613,13923.479,750,39
2021-04-25 22:09:38.495000,13926.981,13923.429,750,750
2021-04-25 22:09:41.685000,13926.301,13923.497,750,17
2021-04-25 22:09:41.735000,13926.331,13922.869,750,750
2021-04-25 22:09:43.820000,13926.181,13922.817,750,740
2021-04-25 22:09:43.870000,13926.081,13922.629,750,750
2021-04-25 22:09:44.990000,13926.041,13922.609,750,750
2021-04-25 22:09:47.225000,13925.803,13922.709,750,750
2021-04-25 22:09:47.275000,13926.161,13922.659,750,750
2021-04-25 22:09:47.386000,13926.071,13922.647,750,740
2021-04-25 22:09:47.436000,13926.011,13922.549,750,750
2021-04-25 22:09:51.393000,13925.131,13922.537,750,17
2021-04-25 22:09:51.444000,13925.091,13921.649,750,750
2021-04-25 22:09:52.843000,13925.093,13921.889,750,750
2021-04-25 22:09:52.893000,13925.381,13921.899,750,750
2021-04-25 22:09:55.301000,13925.353,13922.009,750,750
2021-04-25 22:09:55.352000,13925.211,13921.969,750,750
2021-04-25 22:09:55.462000,13925.311,13921.927,750,740
2021-04-25 22:09:55.512000,13925.371,13921.899,750,750
2021-04-25 22:09:56.570000,13925.343,13922.449,750,39
2021-04-25 22:09:56.621000,13925.911,13922.439,750,750
2021-04-25 22:10:00.081000,13925.831,13922.447,750,740
2021-04-25 22:10:00.132000,13925.881,13922.349,750,750
2021-04-25 22:10:00.240000,13925.391,13922.397,750,17
2021-04-25 22:10:00.290000,13925.451,13921.969,750,750
2021-04-25 22:10:00.402000,13925.091,13922.187,750,17
2021-04-25 22:10:00.452000,13925.091,13921.629,750,750
2021-04-25 22:10:02.267000,13925.011,13921.647,750,740
2021-04-25 22:10:02.317000,13925.021,13921.569,750,750
2021-04-25 22:10:04.160000,13923.881,13921.597,750,17
2021-04-25 22:10:04.210000,13923.981,13920.429,750,750
2021-04-25 22:10:04.322000,13923.391,13920.447,750,17
2021-04-25 22:10:04.372000,13923.421,13919.999,750,750
2021-04-25 22:10:04.480000,13923.413,13920.059,750,750
2021-04-25 22:10:04.531000,13923.301,13920.289,750,750
2021-04-25 22:10:06.154000,13923.341,13920.037,750,740
2021-04-25 22:10:06.204000,13923.301,13920.089,750,750
2021-04-25 22:10:07.634000,13923.121,13919.827,750,740
2021-04-25 22:10:07.685000,13923.191,13919.699,750,750
2021-04-25 22:10:08.775000,13923.173,13919.889,750,750
2021-04-25 22:10:08.826000,13923.301,13919.839,750,750
2021-04-25 22:10:10.411000,13923.363,13920.149,750,39
2021-04-25 22:10:10.461000,13923.591,13920.179,750,750
2021-04-25 22:10:10.570000,13923.471,13920.117,750,740
2021-04-25 22:10:10.621000,13923.401,13919.999,750,750
2021-04-25 22:10:10.896000,13923.203,13920.699,750,39
2021-04-25 22:10:10.947000,13923.911,13920.509,750,750
2021-04-25 22:10:12.150000,13923.913,13920.599,750,750
2021-04-25 22:10:12.200000,13923.991,13920.609,750,750
2021-04-25 22:10:12.651000,13923.911,13920.797,750,17
2021-04-25 22:10:12.701000,13923.991,13920.699,750,750
2021-04-25 22:10:12.811000,13923.893,13920.539,750,750
2021-04-25 22:10:12.862000,13924.041,13920.519,750,750
2021-04-25 22:10:15.208000,13923.911,13920.507,750,740
2021-04-25 22:10:15.259000,13923.951,13920.509,750,750
2021-04-25 22:10:15.369000,13923.993,13920.979,750,39
2021-04-25 22:10:15.420000,13924.421,13920.989,750,750
2021-04-25 22:10:15.851000,13924.301,13921.089,750,750
2021-04-25 22:10:16.013000,13923.901,13921.087,750,17
2021-04-25 22:10:16.063000,13924.131,13920.669,750,750
2021-04-25 22:10:17.545000,13924.103,13920.839,750,750
2021-04-25 22:10:17.596000,13924.341,13920.859,750,750
2021-04-25 22:10:18.751000,13924.101,13920.887,750,740
2021-04-25 22:10:18.801000,13924.141,13920.679,750,750
2021-04-25 22:10:21.915000,13923.903,13920.879,750,750
2021-04-25 22:10:21.966000,13924.101,13921.089,750,750
2021-04-25 22:10:22.078000,13924.161,13920.877,750,740
2021-04-25 22:10:22.128000,13924.091,13920.689,750,750
2021-04-25 22:10:22.240000,13924.001,13920.897,750,17
2021-04-25 22:10:22.290000,13924.081,13920.579,750,750
2021-04-25 22:10:23.267000,13923.951,13920.577,750,740
2021-04-25 22:10:23.317000,13923.971,13920.509,750,750
2021-04-25 22:10:23.429000,13923.903,13920.579,750,750
2021-04-25 22:10:23.479000,13924.081,13920.599,750,750
2021-04-25 22:10:27.243000,13924.023,13920.649,750,750
2021-04-25 22:10:27.294000,13924.161,13920.649,750,750
2021-04-25 22:10:28.447000,13924.041,13920.617,750,740
2021-04-25 22:10:28.498000,13924.011,13920.609,750,750
2021-04-25 22:10:28.548000,13923.801,13920.339,750,750
2021-04-25 22:10:28.832000,13923.821,13920.467,750,740
2021-04-25 22:10:28.882000,13923.921,13920.449,750,750
2021-04-25 22:10:29.493000,13923.903,13920.589,750,750
2021-04-25 22:10:29.543000,13924.061,13920.559,750,750
2021-04-25 22:10:29.655000,13923.961,13920.557,750,740
2021-04-25 22:10:29.705000,13923.911,13920.469,750,750
2021-04-25 22:10:30.789000,13923.101,13920.437,750,17
2021-04-25 22:10:30.839000,13923.341,13920.089,750,750
2021-04-25 22:10:31.309000,13922.901,13919.847,750,740
2021-04-25 22:10:31.359000,13923.091,13919.679,750,750
2021-04-25 22:10:31.469000,13922.903,13919.869,750,750
2021-04-25 22:10:31.520000,13923.341,13920.089,750,750
2021-04-25 22:10:32.955000,13922.891,13920.087,750,17
2021-04-25 22:10:33.010000,13922.891,13919.419,750,750
2021-04-25 22:10:33.115000,13922.903,13919.839,750,39
2021-04-25 22:10:33.165000,13923.301,13919.819,750,750
2021-04-25 22:10:33.278000,13923.111,13919.837,750,740
2021-04-25 22:10:33.328000,13923.141,13919.639,750,750
2021-04-25 22:10:35.985000,13923.183,13919.979,750,39
2021-04-25 22:10:36.035000,13923.471,13920.199,750,750
2021-04-25 22:10:36.146000,13923.371,13919.937,750,740
2021-04-25 22:10:36.197000,13923.371,13919.879,750,750
2021-04-25 22:10:36.729000,13922.903,13919.889,750,750
2021-04-25 22:10:36.779000,13923.121,13919.629,750,750
2021-04-25 22:10:38.118000,13923.183,13919.879,750,750
2021-04-25 22:10:38.168000,13923.111,13919.889,750,750
2021-04-25 22:10:38.442000,13923.323,13920.409,750,39
2021-04-25 22:10:38.493000,13923.971,13920.689,750,750
2021-04-25 22:10:38.868000,13923.651,13920.467,750,17
2021-04-25 22:10:38.918000,13923.611,13920.189,750,750
2021-04-25 22:10:39.029000,13923.521,13920.397,750,17
2021-04-25 22:10:39.079000,13923.571,13920.049,750,750
2021-04-25 22:10:40.341000,13923.303,13920.129,750,750
2021-04-25 22:10:40.391000,13923.681,13920.189,750,750
2021-04-25 22:10:40.502000,13923.643,13920.489,750,39
2021-04-25 22:10:40.552000,13923.701,13920.439,750,750
2021-04-25 22:10:41.299000,13923.621,13920.427,750,17
2021-04-25 22:10:41.349000,13923.621,13920.119,750,750
2021-04-25 22:10:42.408000,13923.593,13920.399,750,750
2021-04-25 22:10:42.458000,13923.851,13920.399,750,750
2021-04-25 22:10:44.505000,13923.853,13920.949,750,39
2021-04-25 22:10:44.556000,13924.381,13920.939,750,750
2021-04-25 22:10:44.864000,13924.423,13921.289,750,39
2021-04-25 22:10:44.915000,13924.561,13921.019,750,750
2021-04-25 22:10:45.907000,13924.141,13921.067,750,17
2021-04-25 22:10:45.958000,13924.171,13920.689,750,750
2021-04-25 22:10:48.641000,13924.123,13921.599,750,39
2021-04-25 22:10:48.691000,13924.871,13921.379,750,750
2021-04-25 22:10:49.242000,13924.591,13921.387,750,740
2021-04-25 22:10:49.293000,13924.641,13921.389,750,750
2021-04-25 22:10:49.404000,13924.633,13921.309,750,750
2021-04-25 22:10:49.454000,13924.611,13921.319,750,750
2021-04-25 22:10:50.526000,13924.833,13921.439,750,750
2021-04-25 22:10:50.576000,13924.901,13921.419,750,750
2021-04-25 22:10:51.309000,13924.913,13921.519,750,750
2021-04-25 22:10:51.359000,13924.991,13921.599,750,750
2021-04-25 22:10:52.306000,13925.023,13921.709,750,750
2021-04-25 22:10:52.356000,13925.111,13921.679,750,750
2021-04-25 22:10:52.884000,13925.011,13921.707,750,740
2021-04-25 22:10:52.935000,13925.011,13921.519,750,750
2021-04-25 22:10:53.206000,13924.951,13921.587,750,740
2021-04-25 22:10:53.257000,13924.991,13921.469,750,750
2021-04-25 22:10:54.434000,13924.843,13921.509,750,750
2021-04-25 22:10:54.484000,13924.831,13921.369,750,750
2021-04-25 22:10:54.587000,13924.883,13921.539,750,750
2021-04-25 22:10:54.638000,13925.051,13921.569,750,750
2021-04-25 22:10:54.749000,13924.931,13921.547,750,740
2021-04-25 22:10:54.800000,13924.701,13921.419,750,750
2021-04-25 22:10:55.246000,13924.883,13921.539,750,750
2021-04-25 22:10:55.296000,13925.051,13921.539,750,750
2021-04-25 22:10:56.089000,13925.073,13921.619,750,750
2021-04-25 22:10:56.139000,13925.171,13921.679,750,750
2021-04-25 22:10:56.251000,13925.143,13922.099,750,39
2021-04-25 22:10:56.301000,13925.291,13921.859,750,750
2021-04-25 22:10:59.162000,13925.303,13921.989,750,750
2021-04-25 22:10:59.213000,13925.481,13922.009,750,750
2021-04-25 22:10:59.535000,13925.453,13922.159,750,750
2021-04-25 22:10:59.585000,13925.681,13922.129,750,750
2021-04-25 22:11:00.770000,13925.421,13922.117,750,740
2021-04-25 22:11:00.820000,13925.451,13921.989,750,750
2021-04-25 22:11:01.152000,13925.511,13922.019,750,750
2021-04-25 22:11:04.306000,13925.543,13922.219,750,750
2021-04-25 22:11:04.357000,13925.641,13922.219,750,750
2021-04-25 22:11:05.366000,13925.593,13922.379,750,750
2021-04-25 22:11:05.416000,13925.791,13922.369,750,750
2021-04-25 22:11:05.517000,13925.883,13922.689,750,39
2021-04-25 22:11:05.567000,13925.991,13922.459,750,750
2021-04-25 22:11:05.678000,13926.081,13922.579,750,750
2021-04-25 22:11:06.092000,13925.841,13922.567,750,740
2021-04-25 22:11:06.142000,13925.871,13922.309,750,750
2021-04-25 22:11:06.943000,13925.833,13923.789,750,39
2021-04-25 22:11:06.993000,13927.041,13923.539,750,750
2021-04-25 22:11:07.114000,13926.411,13923.597,750,17
2021-04-25 22:11:07.164000,13926.411,13923.209,750,750
2021-04-25 22:11:07.952000,13926.673,13923.509,750,39
2021-04-25 22:11:08.002000,13926.971,13923.469,750,750
2021-04-25 22:11:08.175000,13926.841,13923.407,750,740
2021-04-25 22:11:08.225000,13926.801,13923.399,750,750
2021-04-25 22:11:08.954000,13926.813,13923.519,750,750
2021-04-25 22:11:09.004000,13927.071,13923.549,750,750
2021-04-25 22:11:10.013000,13926.991,13923.527,750,740
2021-04-25 22:11:10.063000,13926.991,13923.519,750,750
2021-04-25 22:11:10.332000,13926.933,13923.549,750,750
2021-04-25 22:11:10.382000,13927.011,13923.569,750,750
2021-04-25 22:11:10.494000,13927.053,13924.199,750,39
2021-04-25 22:11:10.544000,13927.621,13924.169,750,750
2021-04-25 22:11:11.326000,13927.603,13925.009,750,39
2021-04-25 22:11:11.377000,13928.551,13925.289,750,750
2021-04-25 22:11:11.488000,13928.441,13925.107,750,740
2021-04-25 22:11:11.539000,13928.411,13924.959,750,750
2021-04-25 22:11:11.649000,13927.821,13924.917,750,17
2021-04-25 22:11:11.699000,13927.811,13924.409,750,750
2021-04-25 22:11:12.444000,13927.491,13924.367,750,17
2021-04-25 22:11:12.495000,13927.421,13924.199,750,750
2021-04-25 22:11:12.600000,13927.463,13924.599,750,39
2021-04-25 22:11:12.651000,13927.781,13924.409,750,750
2021-04-25 22:11:12.762000,13927.873,13924.529,750,750
2021-04-25 22:11:12.812000,13927.991,13924.569,750,750
2021-04-25 22:11:13.085000,13927.481,13924.577,750,17
2021-04-25 22:11:13.135000,13927.521,13924.299,750,750
2021-04-25 22:11:13.652000,13927.191,13924.117,750,17
2021-04-25 22:11:13.703000,13927.151,13923.699,750,750
2021-04-25 22:11:14.048000,13926.913,13923.879,750,750
2021-04-25 22:11:14.098000,13927.311,13923.889,750,750
2021-04-25 22:11:14.979000,13927.333,13923.929,750,750
2021-04-25 22:11:15.030000,13927.471,13923.939,750,750
2021-04-25 22:11:15.140000,13927.091,13923.967,750,17
2021-04-25 22:11:15.190000,13927.121,13923.889,750,750
2021-04-25 22:11:15.881000,13927.021,13923.637,750,740
2021-04-25 22:11:15.931000,13927.061,13923.559,750,750
2021-04-25 22:11:16.165000,13927.291,13923.919,750,750
2021-04-25 22:11:17.055000,13927.151,13923.877,750,740
2021-04-25 22:11:17.105000,13927.161,13923.649,750,750
2021-04-25 22:11:17.214000,13925.701,13923.687,750,17
2021-04-25 22:11:17.264000,13925.891,13922.439,750,750
2021-04-25 22:11:18.986000,13925.953,13922.539,750,750
2021-04-25 22:11:19.036000,13925.981,13922.789,750,750
2021-04-25 22:11:20.777000,13925.971,13922.527,750,740
2021-04-25 22:11:20.828000,13925.891,13922.449,750,750
2021-04-25 22:11:21.981000,13925.713,13922.629,750,750
2021-04-25 22:11:22.031000,13926.121,13922.679,750,750
2021-04-25 22:11:22.142000,13926.123,13922.819,750,750
2021-04-25 22:11:22.192000,13926.381,13922.899,750,750
2021-04-25 22:11:24.821000,13926.373,13922.989,750,750
2021-04-25 22:11:24.871000,13926.411,13922.979,750,750
2021-04-25 22:11:26.479000,13926.453,13923.399,750,39
2021-04-25 22:11:26.529000,13926.831,13923.349,750,750
2021-04-25 22:11:26.637000,13926.661,13923.327,750,740
2021-04-25 22:11:26.688000,13926.671,13923.149,750,750
2021-04-25 22:11:26.799000,13926.351,13923.157,750,17
2021-04-25 22:11:26.849000,13926.291,13923.089,750,750
2021-04-25 22:11:27.385000,13925.891,13922.877,750,17
2021-04-25 22:11:27.436000,13925.961,13922.439,750,750
2021-04-25 22:11:27.898000,13925.923,13922.639,750,750
2021-04-25 22:11:27.948000,13926.111,13922.659,750,750
2021-04-25 22:11:28.058000,13926.123,13923.089,750,39
