2021-04-04 22:00:05.400000,13343.021,13339.509,750,750
2021-04-04 22:00:05.696000,13342.563,13339.519,750,36
2021-04-04 22:00:05.746000,13342.531,13339.049,750,750
2021-04-04 22:00:05.848000,13342.341,13339.067,750,740
2021-04-04 22:00:05.899000,13342.291,13338.899,750,750
2021-04-04 22:00:06.008000,13342.373,13338.979,750,750
2021-04-04 22:00:06.059000,13342.431,13339.009,750,750
2021-04-04 22:00:06.173000,13342.433,13339.229,750,36
2021-04-04 22:00:06.223000,13342.501,13339.239,750,750
2021-04-04 22:00:06.380000,13342.531,13339.287,750,740
2021-04-04 22:00:06.430000,13342.541,13339.059,750,750
2021-04-04 22:00:06.530000,13340.581,13339.097,750,16
2021-04-04 22:00:06.581000,13340.561,13337.079,750,750
2021-04-04 22:00:06.690000,13339.513,13337.089,750,36
2021-04-04 22:00:06.741000,13339.711,13336.209,750,750
2021-04-04 22:00:06.851000,13339.511,13336.557,750,16
2021-04-04 22:00:06.901000,13340.011,13336.529,750,750
2021-04-04 22:00:07.014000,13340.001,13337.087,750,16
2021-04-04 22:00:07.064000,13340.481,13337.039,750,750
2021-04-04 22:00:07.172000,13340.563,13338.339,750,36
2021-04-04 22:00:07.222000,13341.851,13338.389,750,750
2021-04-04 22:00:07.491000,13341.793,13338.569,750,750
2021-04-04 22:00:07.541000,13342.041,13338.529,750,750
2021-04-04 22:00:07.650000,13341.001,13338.787,750,16
2021-04-04 22:00:07.700000,13341.241,13337.719,750,750
2021-04-04 22:00:07.814000,13341.223,13338.719,750,36
2021-04-04 22:00:07.864000,13342.271,13338.719,750,750
2021-04-04 22:00:07.978000,13342.271,13339.107,750,16
2021-04-04 22:00:08.028000,13342.491,13339.119,750,750
2021-04-04 22:00:08.130000,13342.553,13340.119,750,36
2021-04-04 22:00:08.180000,13343.571,13340.119,750,750
2021-04-04 22:00:08.253000,13343.533,13342.559,750,36
2021-04-04 22:00:08.304000,13346.021,13342.559,750,750
2021-04-04 22:00:08.576000,13346.021,13343.297,750,16
2021-04-04 22:00:08.627000,13346.591,13343.079,750,750
2021-04-04 22:00:08.736000,13345.371,13343.117,750,16
2021-04-04 22:00:08.787000,13345.351,13341.829,750,750
2021-04-04 22:00:08.895000,13345.353,13342.039,750,750
2021-04-04 22:00:08.946000,13345.541,13342.069,750,750
2021-04-04 22:00:09.056000,13345.483,13342.269,750,750
2021-04-04 22:00:09.106000,13345.751,13342.249,750,750
2021-04-04 22:00:09.215000,13345.713,13342.519,750,36
2021-04-04 22:00:09.265000,13345.941,13342.449,750,750
2021-04-04 22:00:09.376000,13345.943,13342.569,750,750
2021-04-04 22:00:09.426000,13346.081,13342.509,750,750
2021-04-04 22:00:09.537000,13346.083,13343.469,750,36
2021-04-04 22:00:09.587000,13346.971,13343.469,750,750
2021-04-04 22:00:09.695000,13346.913,13343.779,750,36
2021-04-04 22:00:09.745000,13347.261,13343.759,750,750
2021-04-04 22:00:09.856000,13347.203,13344.419,750,36
2021-04-04 22:00:09.906000,13347.811,13344.379,750,750
2021-04-04 22:00:10.016000,13347.793,13344.549,750,750
2021-04-04 22:00:10.066000,13347.991,13344.599,750,750
2021-04-04 22:00:10.179000,13347.081,13344.537,750,16
2021-04-04 22:00:10.229000,13347.011,13343.579,750,750
2021-04-04 22:00:10.336000,13347.051,13344.217,750,16
2021-04-04 22:00:10.386000,13347.771,13344.289,750,750
2021-04-04 22:00:10.497000,13347.703,13344.549,750,36
2021-04-04 22:00:10.548000,13347.811,13344.559,750,750
2021-04-04 22:00:10.816000,13348.013,13344.899,750,36
2021-04-04 22:00:10.867000,13348.291,13344.919,750,750
2021-04-04 22:00:10.976000,13348.323,13344.949,750,750
2021-04-04 22:00:11.027000,13348.481,13344.969,750,750
2021-04-04 22:00:11.137000,13348.413,13345.259,750,36
2021-04-04 22:00:11.187000,13348.511,13345.499,750,750
2021-04-04 22:00:11.296000,13348.041,13345.297,750,16
2021-04-04 22:00:11.346000,13348.021,13344.509,750,750
2021-04-04 22:00:11.462000,13347.983,13344.869,750,36
2021-04-04 22:00:11.512000,13348.361,13344.879,750,750
2021-04-04 22:00:11.617000,13348.041,13344.887,750,16
2021-04-04 22:00:11.667000,13348.051,13344.589,750,750
2021-04-04 22:00:11.777000,13347.983,13345.039,750,36
2021-04-04 22:00:11.828000,13348.561,13345.089,750,750
2021-04-04 22:00:12.271000,13348.543,13345.539,750,36
2021-04-04 22:00:12.321000,13348.801,13345.589,750,750
2021-04-04 22:00:12.654000,13347.961,13345.517,750,16
2021-04-04 22:00:12.704000,13347.901,13344.449,750,750
2021-04-04 22:00:13.050000,13347.911,13345.227,750,16
2021-04-04 22:00:13.101000,13348.731,13345.209,750,750
2021-04-04 22:00:13.366000,13348.501,13345.237,750,740
2021-04-04 22:00:13.417000,13348.531,13345.059,750,750
2021-04-04 22:00:13.528000,13348.313,13345.329,750,36
2021-04-04 22:00:13.579000,13348.871,13345.319,750,750
2021-04-04 22:00:13.847000,13348.843,13345.509,750,750
2021-04-04 22:00:13.898000,13348.921,13345.429,750,750
2021-04-04 22:00:14.010000,13348.881,13345.477,750,740
2021-04-04 22:00:14.060000,13348.791,13345.399,750,750
2021-04-04 22:00:14.167000,13348.051,13345.337,750,16
2021-04-04 22:00:14.218000,13348.021,13344.789,750,750
2021-04-04 22:00:14.330000,13348.073,13345.109,750,36
2021-04-04 22:00:14.380000,13348.311,13345.099,750,750
2021-04-04 22:00:14.486000,13348.311,13345.067,750,740
2021-04-04 22:00:14.537000,13348.361,13344.829,750,750
2021-04-04 22:00:14.807000,13347.893,13345.089,750,36
2021-04-04 22:00:14.857000,13347.941,13344.429,750,750
2021-04-04 22:00:14.966000,13347.943,13344.599,750,750
2021-04-04 22:00:15.016000,13348.051,13344.539,750,750
2021-04-04 22:00:15.130000,13348.023,13345.999,750,36
2021-04-04 22:00:15.180000,13349.461,13345.929,750,750
2021-04-04 22:00:15.298000,13348.051,13345.987,750,16
2021-04-04 22:00:15.348000,13348.091,13344.619,750,750
2021-04-04 22:00:15.446000,13348.073,13344.929,750,36
2021-04-04 22:00:15.497000,13348.481,13344.959,750,750
2021-04-04 22:00:15.554000,13346.021,13345.017,750,16
2021-04-04 22:00:15.604000,13346.041,13342.609,750,750
2021-04-04 22:00:15.846000,13343.481,13339.959,750,750
2021-04-04 22:00:15.896000,13342.051,13338.599,750,750
2021-04-04 22:00:15.946000,13342.231,13338.999,750,750
2021-04-04 22:00:16.085000,13342.071,13338.737,750,740
2021-04-04 22:00:16.135000,13341.811,13338.519,750,750
2021-04-04 22:00:16.911000,13342.073,13339.279,750,36
2021-04-04 22:00:16.961000,13342.681,13339.299,750,750
2021-04-04 22:00:17.078000,13342.713,13339.349,750,750
2021-04-04 22:00:17.128000,13342.871,13339.379,750,750
2021-04-04 22:00:17.331000,13342.731,13339.367,750,740
2021-04-04 22:00:17.381000,13342.761,13339.299,750,750
2021-04-04 22:00:17.492000,13342.241,13339.257,750,16
2021-04-04 22:00:17.542000,13342.241,13338.709,750,750
2021-04-04 22:00:17.897000,13342.203,13338.829,750,750
2021-04-04 22:00:17.947000,13342.331,13339.089,750,750
2021-04-04 22:00:18.054000,13342.323,13339.359,750,36
2021-04-04 22:00:18.104000,13342.851,13339.589,750,750
2021-04-04 22:00:18.212000,13342.823,13339.539,750,750
2021-04-04 22:00:18.262000,13342.811,13339.589,750,750
2021-04-04 22:00:18.376000,13342.903,13339.529,750,750
2021-04-04 22:00:18.426000,13342.931,13339.419,750,750
2021-04-04 22:00:19.034000,13342.271,13339.417,750,16
2021-04-04 22:00:19.085000,13342.201,13338.739,750,750
2021-04-04 22:00:19.207000,13341.883,13338.729,750,36
2021-04-04 22:00:19.258000,13341.881,13338.499,750,750
2021-04-04 22:00:19.529000,13341.841,13338.497,750,740
2021-04-04 22:00:19.579000,13341.871,13338.329,750,750
2021-04-04 22:00:20.048000,13341.843,13338.489,750,750
2021-04-04 22:00:20.098000,13341.961,13338.509,750,750
2021-04-04 22:00:20.210000,13341.601,13338.417,750,740
2021-04-04 22:00:20.260000,13341.801,13338.329,750,750
2021-04-04 22:00:20.368000,13341.091,13338.307,750,16
2021-04-04 22:00:20.418000,13341.071,13337.559,750,750
2021-04-04 22:00:20.529000,13340.681,13337.797,750,16
2021-04-04 22:00:20.580000,13340.741,13337.269,750,750
2021-04-04 22:00:20.689000,13340.431,13337.307,750,16
2021-04-04 22:00:20.740000,13340.481,13336.939,750,750
2021-04-04 22:00:20.849000,13339.931,13336.997,750,16
2021-04-04 22:00:20.900000,13339.981,13336.489,750,750
2021-04-04 22:00:21.011000,13339.931,13336.797,750,16
2021-04-04 22:00:21.061000,13340.281,13336.729,750,750
2021-04-04 22:00:21.169000,13340.261,13336.857,750,740
2021-04-04 22:00:21.219000,13340.311,13336.909,750,750
2021-04-04 22:00:21.331000,13340.331,13337.287,750,16
2021-04-04 22:00:21.381000,13340.481,13337.009,750,750
2021-04-04 22:00:21.492000,13339.951,13337.287,750,16
2021-04-04 22:00:21.542000,13339.991,13336.439,750,750
2021-04-04 22:00:21.655000,13339.491,13336.497,750,16
2021-04-04 22:00:21.705000,13339.551,13336.099,750,750
2021-04-04 22:00:22.086000,13339.041,13336.097,750,16
2021-04-04 22:00:22.136000,13339.011,13335.549,750,750
2021-04-04 22:00:22.244000,13339.093,13335.829,750,36
2021-04-04 22:00:22.294000,13339.281,13335.869,750,750
2021-04-04 22:00:22.413000,13338.501,13335.857,750,16
2021-04-04 22:00:22.463000,13338.571,13335.019,750,750
2021-04-04 22:00:22.887000,13338.381,13335.067,750,740
2021-04-04 22:00:22.937000,13338.381,13334.979,750,750
2021-04-04 22:00:23.207000,13338.341,13334.987,750,740
2021-04-04 22:00:23.258000,13338.341,13334.919,750,750
2021-04-04 22:00:23.366000,13337.501,13334.917,750,16
2021-04-04 22:00:23.416000,13337.551,13334.069,750,750
2021-04-04 22:00:24.163000,13337.201,13334.057,750,740
2021-04-04 22:00:24.213000,13337.411,13333.919,750,750
2021-04-04 22:00:25.474000,13336.491,13333.947,750,16
2021-04-04 22:00:25.524000,13336.491,13333.049,750,750
2021-04-04 22:00:25.632000,13336.573,13333.519,750,36
2021-04-04 22:00:25.682000,13336.991,13333.619,750,750
2021-04-04 22:00:26.880000,13336.541,13333.567,750,16
2021-04-04 22:00:26.930000,13336.301,13333.119,750,750
2021-04-04 22:00:27.436000,13334.361,13333.087,750,16
2021-04-04 22:00:27.486000,13334.301,13330.849,750,750
2021-04-04 22:00:27.601000,13334.193,13330.889,750,750
2021-04-04 22:00:27.651000,13334.201,13330.789,750,750
2021-04-04 22:00:27.774000,13334.223,13331.299,750,36
2021-04-04 22:00:27.824000,13334.501,13331.039,750,750
2021-04-04 22:00:27.935000,13334.341,13331.117,750,16
2021-04-04 22:00:27.985000,13334.351,13330.869,750,750
2021-04-04 22:00:28.094000,13334.323,13331.049,750,750
2021-04-04 22:00:28.145000,13334.511,13331.079,750,750
2021-04-04 22:00:28.261000,13334.553,13331.239,750,750
2021-04-04 22:00:28.312000,13334.781,13331.299,750,750
2021-04-04 22:00:28.421000,13334.831,13331.599,750,750
2021-04-04 22:00:28.577000,13334.771,13331.387,750,740
2021-04-04 22:00:28.627000,13334.721,13331.209,750,750
2021-04-04 22:00:28.735000,13334.551,13331.237,750,740
2021-04-04 22:00:28.786000,13334.591,13331.049,750,750
2021-04-04 22:00:28.897000,13334.201,13331.057,750,16
2021-04-04 22:00:28.948000,13334.251,13330.719,750,750
2021-04-04 22:00:29.059000,13334.273,13330.849,750,750
2021-04-04 22:00:29.109000,13334.361,13330.839,750,750
2021-04-04 22:00:29.222000,13334.011,13331.097,750,16
2021-04-04 22:00:29.272000,13334.071,13330.579,750,750
2021-04-04 22:00:29.379000,13334.003,13331.319,750,36
2021-04-04 22:00:29.430000,13334.691,13331.319,750,750
2021-04-04 22:00:29.538000,13334.743,13331.349,750,750
2021-04-04 22:00:29.588000,13334.851,13331.349,750,750
2021-04-04 22:00:29.698000,13334.761,13331.397,750,740
2021-04-04 22:00:29.748000,13334.721,13331.229,750,750
2021-04-04 22:00:29.859000,13334.743,13331.339,750,750
2021-04-04 22:00:29.909000,13334.811,13331.399,750,750
2021-04-04 22:00:30.176000,13334.843,13333.989,750,36
2021-04-04 22:00:30.226000,13337.251,13333.799,750,750
2021-04-04 22:00:30.333000,13337.273,13333.919,750,750
2021-04-04 22:00:30.383000,13337.321,13333.859,750,750
2021-04-04 22:00:30.726000,13336.331,13333.827,750,16
2021-04-04 22:00:30.777000,13336.371,13332.909,750,750
2021-04-04 22:00:30.886000,13336.323,13333.109,750,36
2021-04-04 22:00:30.937000,13336.521,13333.019,750,750
2021-04-04 22:00:31.408000,13325.601,13322.379,750,750
2021-04-04 22:00:31.542000,13325.803,13322.799,750,36
2021-04-04 22:00:31.592000,13326.241,13322.739,750,750
2021-04-04 22:00:31.757000,13323.271,13320.317,750,16
2021-04-04 22:00:31.808000,13323.211,13319.799,750,750
2021-04-04 22:00:31.858000,13318.471,13317.387,750,16
2021-04-04 22:00:31.908000,13318.211,13314.909,750,750
2021-04-04 22:00:32.019000,13318.071,13315.187,750,16
2021-04-04 22:00:32.069000,13318.051,13314.519,750,750
2021-04-04 22:00:32.176000,13317.251,13314.577,750,16
2021-04-04 22:00:32.227000,13317.001,13313.769,750,750
2021-04-04 22:00:32.338000,13316.301,13313.797,750,16
2021-04-04 22:00:32.388000,13316.111,13312.889,750,750
2021-04-04 22:00:32.657000,13316.343,13314.249,750,36
2021-04-04 22:00:32.707000,13317.711,13314.289,750,750
2021-04-04 22:00:32.820000,13317.511,13314.497,750,16
2021-04-04 22:00:32.871000,13317.501,13314.289,750,750
2021-04-04 22:00:32.977000,13317.313,13314.589,750,36
2021-04-04 22:00:33.028000,13317.851,13314.329,750,750
2021-04-04 22:00:33.214000,13321.221,13317.739,750,750
2021-04-04 22:00:33.323000,13321.223,13318.819,750,36
2021-04-04 22:00:33.373000,13322.111,13318.829,750,750
2021-04-04 22:00:33.704000,13322.313,13319.579,750,36
2021-04-04 22:00:33.754000,13323.041,13319.539,750,750
2021-04-04 22:00:33.862000,13322.993,13320.499,750,36
2021-04-04 22:00:33.912000,13323.981,13320.419,750,750
2021-04-04 22:00:33.962000,13326.721,13323.319,750,750
2021-04-04 22:00:34.079000,13326.743,13323.549,750,36
2021-04-04 22:00:34.129000,13327.031,13323.559,750,750
2021-04-04 22:00:34.249000,13327.073,13324.379,750,36
2021-04-04 22:00:34.299000,13327.851,13324.369,750,750
2021-04-04 22:00:34.399000,13327.481,13324.387,750,16
2021-04-04 22:00:34.449000,13327.481,13323.969,750,750
2021-04-04 22:00:34.561000,13327.411,13324.317,750,16
2021-04-04 22:00:34.612000,13327.711,13324.219,750,750
2021-04-04 22:00:34.879000,13327.521,13324.497,750,16
2021-04-04 22:00:34.930000,13327.581,13324.289,750,750
2021-04-04 22:00:35.041000,13327.391,13324.107,750,16
2021-04-04 22:00:35.091000,13329.691,13326.259,750,750
2021-04-04 22:00:35.244000,13329.743,13327.949,750,36
2021-04-04 22:00:35.294000,13331.381,13328.189,750,750
2021-04-04 22:00:35.724000,13331.001,13327.977,750,16
2021-04-04 22:00:35.774000,13331.011,13327.529,750,750
2021-04-04 22:00:35.884000,13331.083,13327.849,750,36
2021-04-04 22:00:35.934000,13331.291,13327.819,750,750
2021-04-04 22:00:36.043000,13331.113,13327.969,750,750
2021-04-04 22:00:36.093000,13331.451,13327.929,750,750
2021-04-04 22:00:36.498000,13330.201,13327.967,750,16
2021-04-04 22:00:36.548000,13330.251,13326.749,750,750
2021-04-04 22:00:36.657000,13330.051,13326.767,750,740
2021-04-04 22:00:36.707000,13330.031,13326.599,750,750
2021-04-04 22:00:37.137000,13329.571,13326.577,750,16
2021-04-04 22:00:37.187000,13329.491,13326.289,750,750
2021-04-04 22:00:37.558000,13329.391,13326.067,750,740
2021-04-04 22:00:37.609000,13329.421,13325.999,750,750
2021-04-04 22:00:37.721000,13328.911,13325.957,750,16
2021-04-04 22:00:37.771000,13328.931,13325.429,750,750
2021-04-04 22:00:37.880000,13328.883,13325.909,750,36
2021-04-04 22:00:37.930000,13329.111,13326.089,750,750
2021-04-04 22:00:38.039000,13329.071,13325.827,750,16
2021-04-04 22:00:38.089000,13329.021,13325.559,750,750
2021-04-04 22:00:38.358000,13329.053,13325.899,750,36
2021-04-04 22:00:38.408000,13329.101,13325.859,750,750
2021-04-04 22:00:38.520000,13328.711,13325.847,750,16
2021-04-04 22:00:38.570000,13328.991,13325.499,750,750
2021-04-04 22:00:38.688000,13328.893,13325.569,750,750
2021-04-04 22:00:38.738000,13329.051,13325.589,750,750
2021-04-04 22:00:38.840000,13329.013,13326.099,750,36
2021-04-04 22:00:38.891000,13329.361,13325.869,750,750
2021-04-04 22:00:39.669000,13329.303,13326.199,750,36
2021-04-04 22:00:39.719000,13329.441,13325.979,750,750
2021-04-04 22:00:39.829000,13329.111,13325.977,750,740
2021-04-04 22:00:39.879000,13329.111,13325.909,750,750
2021-04-04 22:00:40.168000,13329.113,13326.879,750,36
2021-04-04 22:00:40.218000,13330.101,13326.919,750,750
2021-04-04 22:00:40.328000,13330.103,13327.219,750,36
2021-04-04 22:00:40.378000,13330.751,13327.219,750,750
2021-04-04 22:00:40.488000,13330.311,13327.317,750,16
2021-04-04 22:00:40.538000,13330.561,13327.079,750,750
2021-04-04 22:00:40.809000,13330.523,13327.509,750,36
2021-04-04 22:00:40.859000,13330.901,13327.459,750,750
2021-04-04 22:00:40.967000,13330.893,13328.259,750,36
2021-04-04 22:00:41.018000,13331.741,13328.279,750,750
2021-04-04 22:00:41.128000,13331.763,13328.349,750,750
2021-04-04 22:00:41.179000,13331.831,13328.349,750,750
2021-04-04 22:00:41.288000,13331.741,13328.417,750,740
2021-04-04 22:00:41.338000,13331.781,13328.229,750,750
2021-04-04 22:00:41.450000,13331.683,13328.379,750,750
2021-04-04 22:00:41.500000,13331.611,13328.419,750,750
2021-04-04 22:00:41.609000,13331.793,13329.589,750,36
2021-04-04 22:00:41.659000,13332.981,13329.569,750,750
2021-04-04 22:00:41.928000,13332.711,13329.537,750,740
2021-04-04 22:00:41.978000,13332.711,13329.499,750,750
2021-04-04 22:00:42.555000,13332.963,13329.539,750,750
2021-04-04 22:00:42.606000,13332.801,13329.549,750,750
2021-04-04 22:00:42.716000,13332.921,13329.537,750,740
2021-04-04 22:00:42.767000,13332.961,13329.519,750,750
2021-04-04 22:00:42.877000,13332.893,13329.579,750,750
2021-04-04 22:00:42.927000,13333.061,13329.539,750,750
2021-04-04 22:00:43.284000,13332.911,13329.507,750,740
2021-04-04 22:00:43.334000,13332.901,13329.439,750,750
2021-04-04 22:00:43.541000,13332.933,13329.709,750,36
2021-04-04 22:00:43.591000,13333.271,13329.719,750,750
2021-04-04 22:00:44.048000,13332.291,13328.859,750,750
2021-04-04 22:00:44.205000,13332.333,13329.859,750,36
2021-04-04 22:00:44.255000,13333.281,13329.879,750,750
2021-04-04 22:00:44.525000,13333.343,13329.959,750,750
2021-04-04 22:00:44.576000,13333.481,13330.189,750,750
2021-04-04 22:00:45.403000,13333.423,13330.089,750,750
2021-04-04 22:00:45.454000,13333.301,13330.069,750,750
2021-04-04 22:00:45.762000,13332.781,13330.037,750,16
2021-04-04 22:00:45.812000,13332.791,13329.339,750,750
2021-04-04 22:00:46.055000,13332.691,13329.347,750,740
2021-04-04 22:00:46.105000,13332.771,13329.259,750,750
2021-04-04 22:00:46.211000,13332.571,13329.277,750,740
2021-04-04 22:00:46.262000,13332.531,13329.039,750,750
2021-04-04 22:00:46.372000,13331.901,13329.097,750,16
2021-04-04 22:00:46.422000,13331.921,13328.699,750,750
2021-04-04 22:00:46.693000,13331.541,13328.477,750,16
2021-04-04 22:00:46.743000,13331.581,13328.079,750,750
2021-04-04 22:00:46.854000,13331.221,13328.057,750,16
2021-04-04 22:00:46.904000,13331.251,13327.799,750,750
2021-04-04 22:00:47.411000,13331.183,13328.269,750,36
2021-04-04 22:00:47.461000,13331.731,13328.299,750,750
2021-04-04 22:00:47.932000,13331.683,13329.799,750,36
2021-04-04 22:00:47.982000,13333.001,13329.579,750,750
2021-04-04 22:00:48.092000,13333.043,13330.079,750,36
2021-04-04 22:00:48.142000,13333.571,13330.069,750,750
2021-04-04 22:00:48.720000,13333.483,13330.309,750,36
2021-04-04 22:00:48.771000,13333.781,13330.269,750,750
2021-04-04 22:00:49.239000,13333.723,13330.539,750,36
2021-04-04 22:00:49.289000,13334.081,13330.549,750,750
2021-04-04 22:00:49.435000,13333.911,13330.537,750,740
2021-04-04 22:00:49.486000,13333.901,13330.689,750,750
2021-04-04 22:00:49.594000,13333.771,13330.507,750,16
2021-04-04 22:00:49.645000,13333.751,13330.299,750,750
2021-04-04 22:00:49.754000,13333.793,13330.789,750,36
2021-04-04 22:00:49.804000,13334.081,13330.789,750,750
2021-04-04 22:00:50.169000,13334.013,13330.739,750,750
2021-04-04 22:00:50.220000,13334.231,13330.789,750,750
2021-04-04 22:00:50.335000,13333.721,13330.787,750,16
2021-04-04 22:00:50.385000,13333.711,13330.309,750,750
2021-04-04 22:00:51.064000,13333.513,13330.609,750,36
2021-04-04 22:00:51.115000,13334.051,13330.539,750,750
2021-04-04 22:00:51.263000,13333.481,13330.547,750,16
2021-04-04 22:00:51.313000,13333.301,13330.299,750,750
2021-04-04 22:00:51.583000,13333.523,13330.209,750,750
2021-04-04 22:00:51.633000,13333.741,13330.299,750,750
2021-04-04 22:00:51.744000,13333.581,13330.287,750,740
2021-04-04 22:00:51.794000,13333.531,13330.109,750,750
2021-04-04 22:00:51.903000,13333.361,13330.067,750,740
2021-04-04 22:00:52.128000,13333.001,13329.857,750,740
2021-04-04 22:00:52.179000,13333.271,13329.809,750,750
2021-04-04 22:00:52.229000,13333.021,13329.529,750,750
2021-04-04 22:00:53.638000,13332.711,13329.547,750,16
2021-04-04 22:00:53.689000,13332.791,13329.489,750,750
2021-04-04 22:00:53.799000,13332.471,13329.237,750,16
2021-04-04 22:00:53.849000,13332.431,13328.939,750,750
2021-04-04 22:00:54.415000,13332.203,13329.019,750,750
2021-04-04 22:00:54.465000,13332.541,13329.039,750,750
2021-04-04 22:00:54.574000,13331.341,13329.067,750,16
2021-04-04 22:00:54.624000,13331.331,13327.849,750,750
2021-04-04 22:00:54.735000,13330.301,13327.827,750,16
2021-04-04 22:00:54.785000,13330.361,13326.819,750,750
2021-04-04 22:00:54.895000,13329.471,13326.807,750,16
2021-04-04 22:00:54.946000,13329.421,13325.979,750,750
2021-04-04 22:00:55.056000,13329.463,13326.269,750,36
2021-04-04 22:00:55.106000,13329.761,13326.499,750,750
2021-04-04 22:00:55.215000,13329.011,13326.317,750,16
2021-04-04 22:00:55.265000,13329.261,13325.739,750,750
2021-04-04 22:00:56.756000,13329.253,13325.979,750,750
2021-04-04 22:00:56.807000,13329.381,13325.969,750,750
2021-04-04 22:00:57.344000,13329.423,13326.309,750,36
2021-04-04 22:00:57.394000,13329.701,13326.249,750,750
2021-04-04 22:00:57.924000,13330.731,13327.269,750,750
2021-04-04 22:00:58.083000,13330.713,13329.189,750,36
2021-04-04 22:00:58.133000,13332.461,13328.969,750,750
2021-04-04 22:00:58.243000,13332.381,13328.907,750,740
2021-04-04 22:00:58.293000,13332.101,13328.839,750,750
2021-04-04 22:00:58.402000,13332.241,13328.877,750,740
2021-04-04 22:00:58.453000,13332.191,13328.749,750,750
2021-04-04 22:00:58.567000,13332.273,13328.899,750,750
2021-04-04 22:00:58.617000,13332.111,13328.879,750,750
2021-04-04 22:00:58.727000,13332.373,13328.999,750,750
2021-04-04 22:00:58.778000,13332.211,13328.959,750,750
2021-04-04 22:00:59.418000,13332.291,13328.917,750,740
2021-04-04 22:00:59.469000,13332.361,13328.849,750,750
2021-04-04 22:00:59.575000,13332.201,13328.807,750,740
2021-04-04 22:00:59.626000,13332.281,13328.769,750,750
2021-04-04 22:01:00.078000,13332.223,13329.009,750,36
2021-04-04 22:01:00.128000,13334.951,13331.479,750,750
2021-04-04 22:01:00.179000,13337.511,13334.019,750,750
2021-04-04 22:01:00.305000,13337.523,13335.219,750,36
2021-04-04 22:01:00.355000,13338.691,13335.269,750,750
2021-04-04 22:01:00.468000,13336.981,13335.267,750,16
2021-04-04 22:01:00.518000,13336.801,13333.609,750,750
2021-04-04 22:01:00.625000,13336.981,13333.787,750,16
2021-04-04 22:01:00.675000,13336.911,13333.499,750,750
2021-04-04 22:01:00.782000,13336.983,13335.059,750,36
2021-04-04 22:01:00.833000,13338.551,13335.039,750,750
2021-04-04 22:01:00.944000,13338.421,13335.067,750,740
2021-04-04 22:01:00.994000,13338.381,13334.999,750,750
2021-04-04 22:01:01.106000,13338.413,13335.059,750,750
2021-04-04 22:01:01.156000,13338.541,13335.039,750,750
2021-04-04 22:01:01.267000,13338.563,13335.859,750,36
2021-04-04 22:01:01.317000,13339.291,13335.879,750,750
2021-04-04 22:01:01.586000,13338.291,13335.887,750,16
2021-04-04 22:01:01.636000,13338.261,13334.739,750,750
2021-04-04 22:01:01.746000,13338.283,13334.839,750,750
2021-04-04 22:01:01.796000,13338.321,13334.839,750,750
2021-04-04 22:01:01.906000,13338.343,13335.029,750,750
2021-04-04 22:01:01.956000,13338.541,13335.079,750,750
2021-04-04 22:01:02.067000,13338.111,13335.287,750,16
2021-04-04 22:01:02.117000,13338.371,13334.889,750,750
2021-04-04 22:01:02.370000,13335.901,13335.087,750,16
2021-04-04 22:01:02.420000,13335.891,13332.429,750,750
2021-04-04 22:01:02.539000,13335.883,13333.249,750,36
2021-04-04 22:01:02.590000,13336.751,13333.289,750,750
2021-04-04 22:01:02.689000,13336.743,13333.409,750,750
2021-04-04 22:01:02.739000,13336.791,13333.409,750,750
2021-04-04 22:01:02.850000,13336.841,13334.087,750,16
2021-04-04 22:01:02.900000,13337.571,13334.079,750,750
2021-04-04 22:01:03.053000,13337.583,13334.299,750,36
2021-04-04 22:01:03.103000,13337.741,13334.269,750,750
2021-04-04 22:01:03.212000,13337.763,13334.399,750,750
2021-04-04 22:01:03.262000,13337.801,13334.319,750,750
2021-04-04 22:01:03.710000,13337.853,13335.039,750,36
2021-04-04 22:01:03.760000,13338.301,13335.019,750,750
2021-04-04 22:01:03.871000,13337.521,13335.297,750,16
2021-04-04 22:01:03.921000,13337.581,13334.109,750,750
2021-04-04 22:01:04.200000,13337.313,13334.269,750,750
2021-04-04 22:01:04.251000,13337.711,13334.259,750,750
2021-04-04 22:01:04.362000,13337.733,13334.609,750,36
2021-04-04 22:01:04.412000,13337.981,13334.529,750,750
2021-04-04 22:01:04.521000,13337.491,13334.787,750,16
2021-04-04 22:01:04.571000,13337.521,13334.029,750,750
2021-04-04 22:01:04.842000,13336.393,13334.079,750,36
2021-04-04 22:01:04.892000,13331.031,13327.559,750,750
2021-04-04 22:01:05.044000,13330.813,13329.599,750,36
2021-04-04 22:01:05.094000,13332.841,13329.379,750,750
2021-04-04 22:01:05.204000,13332.873,13329.949,750,36
2021-04-04 22:01:05.255000,13333.471,13329.989,750,750
2021-04-04 22:01:05.365000,13333.441,13330.037,750,740
2021-04-04 22:01:05.416000,13333.501,13330.029,750,750
2021-04-04 22:01:05.699000,13333.513,13331.249,750,36
2021-04-04 22:01:05.750000,13334.681,13331.239,750,750
2021-04-04 22:01:05.860000,13334.743,13331.339,750,750
2021-04-04 22:01:05.910000,13334.871,13331.379,750,750
2021-04-04 22:01:06.021000,13334.761,13331.417,750,740
2021-04-04 22:01:06.071000,13334.731,13331.499,750,750
2021-04-04 22:01:06.611000,13334.773,13331.369,750,750
2021-04-04 22:01:06.661000,13334.691,13331.309,750,750
2021-04-04 22:01:07.294000,13334.503,13331.799,750,36
2021-04-04 22:01:07.344000,13335.191,13331.719,750,750
2021-04-04 22:01:07.451000,13334.691,13331.737,750,16
2021-04-04 22:01:07.501000,13334.781,13331.279,750,750
2021-04-04 22:01:07.613000,13334.443,13331.239,750,36
2021-04-04 22:01:07.664000,13334.401,13331.189,750,750
2021-04-04 22:01:07.932000,13334.473,13331.349,750,36
2021-04-04 22:01:07.983000,13334.801,13331.399,750,750
2021-04-04 22:01:08.090000,13334.571,13331.587,750,16
2021-04-04 22:01:08.140000,13334.551,13331.299,750,750
2021-04-04 22:01:08.250000,13334.371,13331.027,750,740
2021-04-04 22:01:08.300000,13334.351,13330.889,750,750
2021-04-04 22:01:08.572000,13334.363,13331.409,750,36
2021-04-04 22:01:08.622000,13334.781,13331.379,750,750
2021-04-04 22:01:08.890000,13334.781,13331.347,750,740
2021-04-04 22:01:08.941000,13334.711,13331.239,750,750
2021-04-04 22:01:09.322000,13334.723,13331.999,750,36
2021-04-04 22:01:09.373000,13335.001,13331.719,750,750
2021-04-04 22:01:09.711000,13335.331,13331.899,750,750
2021-04-04 22:01:10.029000,13335.333,13332.759,750,36
2021-04-04 22:01:10.079000,13336.281,13332.739,750,750
2021-04-04 22:01:10.190000,13336.281,13334.257,750,16
2021-04-04 22:01:10.240000,13337.501,13334.289,750,750
2021-04-04 22:01:10.531000,13336.821,13334.307,750,16
2021-04-04 22:01:10.582000,13336.871,13333.389,750,750
2021-04-04 22:01:10.683000,13336.793,13333.839,750,36
2021-04-04 22:01:10.733000,13337.361,13333.859,750,750
2021-04-04 22:01:11.030000,13336.361,13334.087,750,16
2021-04-04 22:01:11.080000,13336.331,13333.089,750,750
2021-04-04 22:01:11.301000,13336.041,13332.837,750,16
2021-04-04 22:01:11.352000,13336.071,13332.599,750,750
2021-04-04 22:01:11.460000,13335.721,13332.527,750,16
2021-04-04 22:01:11.510000,13335.681,13332.289,750,750
2021-04-04 22:01:11.620000,13335.753,13332.589,750,36
2021-04-04 22:01:11.671000,13335.791,13332.399,750,750
2021-04-04 22:01:12.172000,13335.873,13332.569,750,750
2021-04-04 22:01:12.222000,13335.801,13332.569,750,750
2021-04-04 22:01:12.332000,13336.073,13332.869,750,36
2021-04-04 22:01:12.383000,13336.301,13332.849,750,750
2021-04-04 22:01:12.723000,13336.011,13332.827,750,740
2021-04-04 22:01:12.774000,13336.211,13332.809,750,750
2021-04-04 22:01:12.884000,13336.293,13333.199,750,36
2021-04-04 22:01:12.935000,13336.201,13332.959,750,750
2021-04-04 22:01:13.045000,13336.403,13334.309,750,36
2021-04-04 22:01:13.095000,13337.721,13334.249,750,750
2021-04-04 22:01:13.411000,13337.793,13335.199,750,36
2021-04-04 22:01:13.461000,13338.201,13334.929,750,750
2021-04-04 22:01:13.570000,13337.991,13334.927,750,16
2021-04-04 22:01:13.621000,13338.031,13334.609,750,750
2021-04-04 22:01:13.732000,13337.801,13334.607,750,16
2021-04-04 22:01:13.782000,13337.811,13334.369,750,750
2021-04-04 22:01:14.056000,13337.803,13335.009,750,36
2021-04-04 22:01:14.106000,13338.471,13334.919,750,750
2021-04-04 22:01:14.215000,13338.443,13335.029,750,750
2021-04-04 22:01:14.265000,13338.551,13335.069,750,750
2021-04-04 22:01:14.483000,13338.303,13335.489,750,36
2021-04-04 22:01:14.533000,13338.751,13335.279,750,750
2021-04-04 22:01:14.643000,13338.783,13335.739,750,36
2021-04-04 22:01:14.693000,13339.251,13335.719,750,750
2021-04-04 22:01:14.867000,13338.861,13335.727,750,16
2021-04-04 22:01:14.917000,13338.601,13335.319,750,750
2021-04-04 22:01:15.028000,13338.823,13335.989,750,36
2021-04-04 22:01:15.078000,13339.481,13335.959,750,750
2021-04-04 22:01:15.194000,13339.381,13335.909,750,750
2021-04-04 22:01:15.621000,13339.343,13336.069,750,750
2021-04-04 22:01:15.672000,13339.561,13336.109,750,750
2021-04-04 22:01:15.781000,13339.503,13336.839,750,36
2021-04-04 22:01:15.831000,13340.291,13336.859,750,750
2021-04-04 22:01:15.943000,13340.103,13337.419,750,36
2021-04-04 22:01:15.993000,13340.911,13337.489,750,750
2021-04-04 22:01:16.103000,13340.893,13337.619,750,750
2021-04-04 22:01:16.153000,13340.991,13337.589,750,750
2021-04-04 22:01:16.261000,13339.291,13337.537,750,16
2021-04-04 22:01:16.312000,13339.231,13335.739,750,750
2021-04-04 22:01:16.420000,13339.253,13335.999,750,750
2021-04-04 22:01:16.471000,13339.381,13335.919,750,750
2021-04-04 22:01:16.581000,13339.331,13335.967,750,740
2021-04-04 22:01:16.632000,13339.301,13335.899,750,750
2021-04-04 22:01:16.903000,13339.293,13336.529,750,36
2021-04-04 22:01:16.954000,13340.031,13336.579,750,750
2021-04-04 22:01:17.063000,13339.921,13336.567,750,740
2021-04-04 22:01:17.114000,13339.931,13336.479,750,750
2021-04-04 22:01:17.230000,13339.993,13336.529,750,750
2021-04-04 22:01:17.281000,13340.081,13336.539,750,750
2021-04-04 22:01:17.390000,13339.741,13336.547,750,16
2021-04-04 22:01:17.440000,13339.691,13336.259,750,750
2021-04-04 22:01:17.550000,13339.461,13336.487,750,16
2021-04-04 22:01:17.600000,13339.401,13335.949,750,750
2021-04-04 22:01:17.709000,13339.463,13336.109,750,750
2021-04-04 22:01:17.759000,13339.491,13336.289,750,750
2021-04-04 22:01:18.031000,13339.533,13336.229,750,750
2021-04-04 22:01:18.081000,13339.711,13336.219,750,750
2021-04-04 22:01:18.192000,13339.513,13336.399,750,750
2021-04-04 22:01:18.242000,13339.801,13336.379,750,750
2021-04-04 22:01:18.351000,13339.833,13336.899,750,36
2021-04-04 22:01:18.401000,13340.371,13336.819,750,750
2021-04-04 22:01:18.513000,13340.393,13337.299,750,36
2021-04-04 22:01:18.563000,13340.511,13337.309,750,750
2021-04-04 22:01:18.673000,13340.743,13338.009,750,36
2021-04-04 22:01:18.724000,13341.581,13338.049,750,750
2021-04-04 22:01:18.834000,13340.511,13338.097,750,16
2021-04-04 22:01:18.884000,13340.491,13337.299,750,750
2021-04-04 22:01:18.994000,13340.533,13337.289,750,750
2021-04-04 22:01:19.044000,13340.721,13337.279,750,750
2021-04-04 22:01:19.154000,13340.723,13337.549,750,36
2021-04-04 22:01:19.204000,13341.041,13337.569,750,750
2021-04-04 22:01:19.314000,13341.083,13337.819,750,36
2021-04-04 22:01:19.365000,13341.321,13337.849,750,750
2021-04-04 22:01:19.636000,13341.113,13337.989,750,750
2021-04-04 22:01:19.686000,13341.461,13337.979,750,750
2021-04-04 22:01:19.795000,13341.301,13337.987,750,740
2021-04-04 22:01:19.846000,13341.311,13337.859,750,750
2021-04-04 22:01:19.954000,13341.241,13337.867,750,740
2021-04-04 22:01:20.005000,13341.191,13337.799,750,750
2021-04-04 22:01:20.486000,13340.911,13337.737,750,16
2021-04-04 22:01:20.536000,13340.961,13337.459,750,750
2021-04-04 22:01:20.647000,13340.221,13337.447,750,16
2021-04-04 22:01:20.697000,13340.281,13336.729,750,750
2021-04-04 22:01:21.091000,13340.041,13336.707,750,740
2021-04-04 22:01:21.141000,13339.981,13336.789,750,750
2021-04-04 22:01:21.251000,13339.803,13336.769,750,750
2021-04-04 22:01:21.301000,13340.291,13336.769,750,750
2021-04-04 22:01:21.398000,13340.223,13336.707,1000,16
2021-04-04 22:01:21.448000,13336.501,13333.499,750,750
2021-04-04 22:01:21.556000,13335.311,13333.297,750,16
2021-04-04 22:01:21.606000,13335.321,13331.909,750,750
2021-04-04 22:01:21.718000,13334.791,13331.907,750,16
2021-04-04 22:01:21.768000,13334.721,13331.309,750,750
2021-04-04 22:01:21.879000,13334.231,13331.267,750,16
2021-04-04 22:01:21.930000,13334.241,13330.739,750,750
2021-04-04 22:01:22.052000,13333.411,13330.767,750,16
2021-04-04 22:01:22.102000,13333.461,13329.919,750,750
2021-04-04 22:01:22.392000,13332.921,13329.957,750,16
2021-04-04 22:01:22.442000,13332.911,13329.469,750,750
2021-04-04 22:01:22.604000,13332.801,13329.497,750,740
2021-04-04 22:01:22.655000,13332.781,13329.379,750,750
2021-04-04 22:01:22.764000,13331.451,13329.407,750,16
2021-04-04 22:01:22.814000,13331.451,13327.949,750,750
2021-04-04 22:01:22.925000,13330.791,13327.907,750,16
2021-04-04 22:01:22.975000,13330.771,13327.489,750,750
2021-04-04 22:01:23.253000,13330.311,13327.297,750,16
2021-04-04 22:01:23.303000,13330.361,13327.099,750,750
2021-04-04 22:01:23.604000,13330.241,13326.847,750,740
2021-04-04 22:01:23.655000,13332.951,13329.429,750,750
2021-04-04 22:01:23.805000,13332.933,13330.279,750,36
2021-04-04 22:01:23.855000,13333.681,13330.289,750,750
2021-04-04 22:01:24.152000,13332.981,13330.257,750,16
2021-04-04 22:01:24.202000,13332.881,13329.699,750,750
2021-04-04 22:01:24.469000,13332.913,13329.789,750,36
2021-04-04 22:01:24.520000,13333.251,13329.779,750,750
2021-04-04 22:01:24.630000,13333.233,13332.089,750,36
2021-04-04 22:01:24.681000,13335.341,13331.829,750,750
2021-04-04 22:01:24.790000,13334.881,13331.817,750,16
2021-04-04 22:01:24.841000,13334.821,13331.339,750,750
2021-04-04 22:01:24.951000,13334.791,13332.297,750,16
2021-04-04 22:01:25.001000,13335.531,13332.019,750,750
2021-04-04 22:01:25.112000,13333.731,13332.097,750,16
2021-04-04 22:01:25.162000,13333.511,13330.239,750,750
2021-04-04 22:01:25.346000,13333.301,13330.297,750,740
2021-04-04 22:01:25.397000,13333.561,13330.019,750,750
2021-04-04 22:01:25.508000,13332.331,13330.297,750,16
2021-04-04 22:01:25.558000,13332.381,13328.889,750,750
2021-04-04 22:01:25.828000,13330.921,13328.877,750,16
2021-04-04 22:01:25.879000,13330.941,13327.429,750,750
2021-04-04 22:01:25.988000,13330.781,13327.407,750,740
2021-04-04 22:01:26.038000,13330.821,13327.339,750,750
2021-04-04 22:01:26.148000,13330.793,13327.509,750,750
2021-04-04 22:01:26.199000,13330.811,13327.559,750,750
2021-04-04 22:01:26.307000,13330.813,13329.519,750,36
2021-04-04 22:01:26.357000,13332.991,13329.569,750,750
2021-04-04 22:01:26.469000,13331.051,13329.787,750,16
2021-04-04 22:01:26.519000,13331.021,13327.569,750,750
2021-04-04 22:01:26.628000,13331.063,13327.859,750,36
2021-04-04 22:01:26.679000,13331.341,13327.819,750,750
2021-04-04 22:01:27.008000,13331.313,13327.919,750,750
2021-04-04 22:01:27.058000,13331.491,13327.989,750,750
2021-04-04 22:01:27.167000,13331.423,13329.809,750,36
2021-04-04 22:01:27.218000,13333.221,13329.719,750,750
2021-04-04 22:01:27.326000,13333.213,13330.869,750,36
2021-04-04 22:01:27.376000,13334.101,13330.919,750,750
2021-04-04 22:01:27.488000,13334.333,13331.039,750,750
2021-04-04 22:01:27.538000,13334.541,13331.119,750,750
2021-04-04 22:01:27.647000,13334.431,13331.097,750,740
2021-04-04 22:01:27.698000,13334.451,13330.919,750,750
2021-04-04 22:01:27.874000,13334.483,13331.109,750,750
2021-04-04 22:01:27.926000,13334.581,13331.049,750,750
2021-04-04 22:01:28.215000,13331.803,13331.029,750,36
2021-04-04 22:01:28.266000,13331.841,13328.339,750,750
2021-04-04 22:01:28.374000,13329.791,13328.377,750,16
2021-04-04 22:01:28.424000,13329.611,13326.329,750,750
2021-04-04 22:01:28.535000,13329.613,13327.059,750,36
2021-04-04 22:01:28.588000,13330.511,13327.089,750,750
2021-04-04 22:01:28.696000,13330.381,13327.107,750,16
2021-04-04 22:01:28.746000,13330.281,13326.869,750,750
2021-04-04 22:01:28.855000,13330.321,13327.017,750,740
2021-04-04 22:01:28.905000,13330.311,13327.299,750,750
2021-04-04 22:01:29.016000,13330.391,13327.067,750,740
2021-04-04 22:01:29.066000,13330.491,13327.019,750,750
2021-04-04 22:01:29.175000,13330.433,13327.029,750,750
2021-04-04 22:01:29.226000,13330.521,13327.009,750,750
2021-04-04 22:01:29.547000,13330.391,13327.047,750,740
2021-04-04 22:01:29.597000,13330.421,13326.999,750,750
2021-04-04 22:01:29.705000,13329.991,13326.977,750,16
2021-04-04 22:01:29.756000,13330.001,13326.589,750,750
2021-04-04 22:01:29.865000,13330.093,13328.759,750,36
2021-04-04 22:01:29.916000,13332.211,13328.789,750,750
2021-04-04 22:01:30.188000,13331.941,13328.807,750,16
2021-04-04 22:01:30.238000,13331.911,13328.479,750,750
2021-04-04 22:01:30.348000,13331.923,13328.789,750,36
2021-04-04 22:01:30.399000,13332.231,13328.749,750,750
2021-04-04 22:01:30.670000,13332.293,13328.889,750,750
2021-04-04 22:01:30.720000,13332.351,13328.869,750,750
2021-04-04 22:01:31.040000,13331.801,13328.827,750,16
2021-04-04 22:01:31.090000,13331.881,13328.409,750,750
2021-04-04 22:01:31.195000,13331.803,13328.469,750,750
2021-04-04 22:01:31.245000,13331.981,13328.479,750,750
2021-04-04 22:01:31.723000,13331.891,13328.447,750,740
2021-04-04 22:01:31.773000,13331.871,13328.329,750,750
2021-04-04 22:01:31.879000,13331.853,13328.519,750,750
2021-04-04 22:01:31.929000,13332.091,13328.519,750,750
2021-04-04 22:01:32.039000,13331.511,13328.587,750,16
2021-04-04 22:01:32.089000,13331.531,13328.049,750,750
2021-04-04 22:01:32.257000,13331.401,13328.077,750,740
2021-04-04 22:01:32.307000,13331.461,13327.969,750,750
2021-04-04 22:01:32.414000,13331.021,13327.967,750,16
2021-04-04 22:01:32.464000,13331.071,13327.599,750,750
2021-04-04 22:01:32.577000,13330.471,13327.567,750,16
2021-04-04 22:01:32.627000,13330.461,13326.979,750,750
2021-04-04 22:01:32.736000,13330.433,13327.469,750,36
2021-04-04 22:01:32.787000,13330.901,13327.449,750,750
2021-04-04 22:01:32.896000,13330.741,13327.427,750,740
2021-04-04 22:01:32.947000,13330.511,13327.499,750,750
2021-04-04 22:01:33.217000,13330.331,13327.297,750,16
2021-04-04 22:01:33.267000,13330.361,13326.829,750,750
2021-04-04 22:01:33.334000,13330.333,13326.847,750,990
2021-04-04 22:01:33.384000,13333.581,13330.099,750,750
2021-04-04 22:01:33.488000,13333.503,13331.549,750,36
2021-04-04 22:01:33.539000,13335.031,13331.599,750,750
2021-04-04 22:01:33.649000,13333.943,13331.579,750,36
2021-04-04 22:01:33.699000,13333.911,13330.419,750,750
2021-04-04 22:01:34.015000,13333.531,13330.417,750,16
2021-04-04 22:01:34.066000,13333.481,13330.069,750,750
2021-04-04 22:01:34.336000,13333.391,13330.047,750,740
2021-04-04 22:01:34.387000,13333.381,13330.089,750,750
2021-04-04 22:01:34.803000,13331.791,13329.817,750,16
2021-04-04 22:01:34.853000,13331.861,13328.389,750,750
2021-04-04 22:01:34.964000,13331.071,13328.337,750,16
2021-04-04 22:01:35.014000,13331.051,13327.569,750,750
2021-04-04 22:01:35.124000,13331.033,13327.829,750,36
2021-04-04 22:01:35.175000,13331.301,13327.899,750,750
2021-04-04 22:01:35.285000,13331.293,13328.919,750,36
2021-04-04 22:01:35.335000,13332.361,13328.839,750,750
2021-04-04 22:01:35.445000,13332.373,13329.009,750,750
2021-04-04 22:01:35.496000,13332.571,13329.049,750,750
2021-04-04 22:01:35.687000,13332.373,13329.079,750,750
2021-04-04 22:01:35.737000,13332.381,13328.839,750,750
2021-04-04 22:01:35.849000,13332.293,13329.419,750,36
2021-04-04 22:01:35.899000,13332.911,13329.689,750,750
2021-04-04 22:01:35.962000,13332.931,13331.837,750,16
2021-04-04 22:01:36.012000,13335.301,13331.909,750,750
2021-04-04 22:01:36.125000,13335.003,13331.899,750,36
2021-04-04 22:01:36.175000,13335.011,13331.609,750,750
2021-04-04 22:01:36.701000,13334.361,13331.517,750,16
2021-04-04 22:01:36.751000,13334.321,13330.879,750,750
2021-04-04 22:01:36.860000,13332.811,13330.827,750,16
2021-04-04 22:01:36.910000,13332.871,13329.339,750,750
2021-04-04 22:01:37.021000,13332.823,13329.499,750,750
2021-04-04 22:01:37.072000,13332.901,13329.499,750,750
2021-04-04 22:01:37.181000,13332.903,13329.919,750,36
2021-04-04 22:01:37.231000,13333.391,13330.009,750,750
2021-04-04 22:01:37.340000,13332.891,13329.977,750,16
2021-04-04 22:01:37.390000,13332.941,13329.489,750,750
2021-04-04 22:01:37.504000,13332.973,13329.779,750,36
2021-04-04 22:01:37.554000,13333.201,13329.709,750,750
2021-04-04 22:01:37.671000,13333.243,13329.919,750,750
2021-04-04 22:01:37.722000,13333.481,13329.979,750,750
2021-04-04 22:01:37.833000,13333.381,13329.997,750,740
2021-04-04 22:01:37.883000,13333.321,13329.859,750,750
2021-04-04 22:01:37.994000,13333.353,13329.939,750,750
2021-04-04 22:01:38.044000,13333.201,13329.979,750,750
2021-04-04 22:01:38.278000,13333.371,13329.987,750,740
2021-04-04 22:01:38.329000,13333.391,13329.839,750,750
2021-04-04 22:01:38.598000,13333.313,13330.829,750,36
2021-04-04 22:01:38.649000,13334.371,13330.859,750,750
2021-04-04 22:01:39.100000,13334.363,13330.939,750,750
2021-04-04 22:01:39.150000,13334.431,13330.919,750,750
2021-04-04 22:01:39.261000,13334.381,13330.937,750,740
2021-04-04 22:01:39.311000,13334.311,13330.899,750,750
2021-04-04 22:01:39.648000,13334.021,13330.847,750,16
2021-04-04 22:01:39.699000,13334.081,13330.799,750,750
2021-04-04 22:01:39.809000,13333.501,13330.547,750,16
2021-04-04 22:01:39.860000,13333.501,13330.079,750,750
2021-04-04 22:01:40.210000,13333.503,13330.419,750,36
2021-04-04 22:01:40.260000,13333.871,13330.419,750,750
2021-04-04 22:01:40.603000,13333.823,13331.059,750,36
2021-04-04 22:01:40.654000,13334.531,13331.089,750,750
2021-04-04 22:01:40.765000,13334.481,13331.117,750,740
2021-04-04 22:01:40.815000,13334.441,13331.199,750,750
2021-04-04 22:01:41.218000,13334.383,13331.949,750,36
2021-04-04 22:01:41.272000,13335.381,13331.959,750,750
2021-04-04 22:01:41.837000,13335.423,13332.079,750,750
2021-04-04 22:01:41.887000,13335.311,13332.059,750,750
2021-04-04 22:01:42.433000,13335.451,13332.057,750,740
2021-04-04 22:01:42.483000,13335.411,13332.199,750,750
2021-04-04 22:01:42.591000,13335.473,13332.319,750,36
2021-04-04 22:01:42.642000,13335.891,13332.599,750,750
2021-04-04 22:01:42.749000,13335.911,13332.509,750,750
2021-04-04 22:01:43.390000,13335.871,13332.457,750,740
2021-04-04 22:01:43.440000,13335.601,13332.359,750,750
2021-04-04 22:01:43.714000,13335.823,13332.559,750,750
2021-04-04 22:01:43.764000,13336.011,13332.529,750,750
2021-04-04 22:01:43.874000,13335.803,13332.959,750,36
2021-04-04 22:01:43.924000,13336.461,13333.009,750,750
2021-04-04 22:01:44.559000,13336.483,13333.899,750,36
2021-04-04 22:01:44.610000,13337.301,13333.829,750,750
2021-04-04 22:01:44.716000,13337.363,13334.209,750,36
2021-04-04 22:01:44.766000,13337.691,13334.239,750,750
2021-04-04 22:01:45.243000,13337.713,13334.359,750,750
2021-04-04 22:01:45.293000,13337.891,13334.369,750,750
2021-04-04 22:01:45.416000,13337.893,13334.859,750,36
2021-04-04 22:01:45.466000,13338.311,13334.879,750,750
2021-04-04 22:01:45.576000,13338.283,13335.329,750,36
2021-04-04 22:01:45.626000,13338.801,13335.389,750,750
2021-04-04 22:01:45.737000,13338.613,13335.779,750,36
2021-04-04 22:01:45.787000,13339.221,13335.719,750,750
2021-04-04 22:01:46.219000,13339.293,13335.869,750,750
2021-04-04 22:01:46.269000,13339.331,13335.829,750,750
2021-04-04 22:01:46.380000,13339.291,13336.557,750,16
2021-04-04 22:01:46.431000,13340.071,13336.589,750,750
2021-04-04 22:01:46.538000,13339.691,13336.517,750,16
2021-04-04 22:01:46.588000,13339.761,13336.289,750,750
2021-04-04 22:01:47.043000,13339.431,13336.237,750,16
2021-04-04 22:01:47.093000,13339.451,13335.939,750,750
2021-04-04 22:01:47.203000,13339.341,13335.987,750,740
2021-04-04 22:01:47.253000,13339.321,13335.879,750,750
2021-04-04 22:01:47.363000,13339.373,13336.029,750,750
2021-04-04 22:01:47.413000,13339.561,13336.109,750,750
2021-04-04 22:01:47.523000,13338.801,13336.287,750,16
2021-04-04 22:01:47.573000,13338.831,13335.329,750,750
2021-04-04 22:01:47.683000,13338.883,13335.419,750,750
2021-04-04 22:01:47.733000,13338.901,13335.479,750,750
2021-04-04 22:01:48.322000,13338.903,13336.439,750,36
2021-04-04 22:01:48.372000,13339.941,13336.449,750,750
2021-04-04 22:01:48.483000,13339.711,13336.487,750,740
2021-04-04 22:01:48.533000,13339.711,13336.239,750,750
2021-04-04 22:01:48.646000,13340.011,13336.569,750,750
2021-04-04 22:01:48.986000,13339.821,13336.309,750,750
2021-04-04 22:01:49.146000,13339.751,13336.327,750,740
2021-04-04 22:01:49.196000,13339.711,13336.229,750,750
2021-04-04 22:01:49.305000,13339.773,13336.529,750,36
2021-04-04 22:01:49.356000,13340.051,13336.509,750,750
2021-04-04 22:01:49.465000,13339.741,13336.567,750,16
2021-04-04 22:01:49.515000,13339.721,13336.259,750,750
2021-04-04 22:01:49.815000,13337.001,13336.297,750,16
2021-04-04 22:01:49.866000,13337.031,13333.529,750,750
2021-04-04 22:01:49.975000,13336.781,13333.537,750,16
2021-04-04 22:01:50.025000,13336.771,13333.249,750,750
2021-04-04 22:01:50.359000,13336.733,13333.499,750,36
2021-04-04 22:01:50.409000,13336.911,13333.469,750,750
2021-04-04 22:01:51.427000,13336.903,13333.599,750,750
2021-04-04 22:01:51.478000,13337.051,13333.609,750,750
2021-04-04 22:01:52.101000,13337.003,13335.309,750,36
2021-04-04 22:01:52.152000,13338.831,13335.399,750,750
2021-04-04 22:01:52.381000,13342.021,13338.569,750,750
2021-04-04 22:01:52.494000,13341.031,13338.607,750,16
2021-04-04 22:01:52.545000,13341.021,13337.509,750,750
2021-04-04 22:01:52.649000,13340.031,13337.557,750,16
2021-04-04 22:01:52.699000,13340.021,13336.609,750,750
2021-04-04 22:01:53.379000,13339.871,13336.597,750,740
2021-04-04 22:01:53.429000,13339.821,13336.319,750,750
2021-04-04 22:01:53.851000,13339.721,13336.357,750,740
2021-04-04 22:01:53.901000,13339.771,13336.309,750,750
2021-04-04 22:01:54.009000,13339.783,13336.419,750,750
2021-04-04 22:01:54.060000,13339.881,13336.459,750,750
2021-04-04 22:01:55.504000,13339.781,13336.507,750,16
2021-04-04 22:01:55.554000,13339.731,13336.289,750,750
2021-04-04 22:01:55.664000,13339.551,13336.287,750,740
2021-04-04 22:01:55.715000,13339.501,13336.289,750,750
2021-04-04 22:01:55.888000,13339.533,13336.319,750,36
2021-04-04 22:01:55.938000,13339.691,13336.319,750,750
2021-04-04 22:01:56.049000,13339.531,13336.307,750,16
2021-04-04 22:01:56.100000,13339.531,13336.009,750,750
2021-04-04 22:01:56.407000,13339.431,13336.017,750,740
2021-04-04 22:01:56.457000,13339.391,13335.989,750,750
2021-04-04 22:01:57.210000,13339.301,13335.937,750,740
2021-04-04 22:01:57.260000,13339.321,13335.879,750,750
2021-04-04 22:01:57.370000,13339.211,13336.087,750,16
2021-04-04 22:01:57.420000,13339.221,13335.769,750,750
2021-04-04 22:01:57.529000,13339.041,13335.797,750,740
2021-04-04 22:01:57.580000,13338.991,13335.539,750,750
2021-04-04 22:01:58.340000,13339.003,13336.899,750,36
2021-04-04 22:01:58.390000,13340.341,13336.819,750,750
2021-04-04 22:01:58.501000,13340.323,13336.959,750,750
2021-04-04 22:01:58.552000,13340.411,13336.949,750,750
2021-04-04 22:01:58.662000,13340.401,13337.597,750,16
2021-04-04 22:01:58.712000,13341.061,13337.569,750,750
2021-04-04 22:01:59.178000,13340.561,13337.597,750,16
2021-04-04 22:01:59.228000,13340.541,13337.099,750,750
2021-04-04 22:01:59.756000,13338.933,13337.069,750,36
2021-04-04 22:01:59.807000,13338.911,13335.699,750,750
2021-04-04 22:01:59.956000,13338.831,13335.477,750,740
2021-04-04 22:02:00.006000,13338.821,13335.399,750,750
2021-04-04 22:02:00.278000,13338.611,13336.267,750,16
2021-04-04 22:02:00.328000,13339.711,13336.209,750,750
2021-04-04 22:02:00.543000,13339.441,13336.297,750,16
2021-04-04 22:02:00.593000,13339.411,13335.909,750,750
2021-04-04 22:02:00.705000,13339.393,13336.919,750,36
2021-04-04 22:02:00.755000,13340.451,13336.919,750,750
2021-04-04 22:02:01.065000,13340.393,13338.099,750,36
2021-04-04 22:02:01.116000,13341.381,13337.889,750,750
2021-04-04 22:02:01.227000,13341.191,13337.897,750,740
2021-04-04 22:02:01.278000,13341.201,13337.719,750,750
2021-04-04 22:02:01.390000,13341.243,13337.899,750,750
2021-04-04 22:02:01.440000,13341.311,13337.899,750,750
2021-04-04 22:02:01.917000,13341.293,13337.929,750,750
2021-04-04 22:02:01.968000,13341.461,13337.969,750,750
2021-04-04 22:02:02.080000,13341.011,13337.937,750,16
2021-04-04 22:02:02.130000,13341.011,13337.609,750,750
2021-04-04 22:02:02.238000,13340.941,13337.557,750,740
2021-04-04 22:02:02.288000,13340.921,13337.489,750,750
2021-04-04 22:02:02.764000,13340.211,13337.457,750,16
2021-04-04 22:02:02.815000,13340.401,13336.949,750,750
2021-04-04 22:02:03.202000,13340.181,13336.977,750,740
2021-04-04 22:02:03.252000,13340.261,13336.779,750,750
2021-04-04 22:02:03.360000,13339.531,13336.717,750,16
2021-04-04 22:02:03.411000,13339.521,13336.079,750,750
2021-04-04 22:02:03.522000,13339.503,13336.809,750,36
2021-04-04 22:02:03.572000,13340.221,13336.759,750,750
2021-04-04 22:02:03.841000,13339.521,13336.767,750,16
2021-04-04 22:02:03.891000,13339.481,13336.069,750,750
2021-04-04 22:02:04.004000,13339.523,13336.799,750,36
2021-04-04 22:02:04.191000,13340.261,13336.799,750,750
2021-04-04 22:02:04.242000,13340.311,13336.909,750,750
2021-04-04 22:02:04.533000,13340.241,13337.087,750,16
2021-04-04 22:02:04.584000,13340.281,13336.799,750,750
2021-04-04 22:02:04.692000,13340.213,13336.889,750,750
2021-04-04 22:02:04.742000,13340.311,13336.899,750,750
2021-04-04 22:02:05.011000,13340.041,13336.827,750,16
2021-04-04 22:02:05.061000,13339.991,13336.529,750,750
2021-04-04 22:02:05.170000,13340.013,13336.739,750,750
2021-04-04 22:02:05.220000,13340.281,13336.989,750,750
2021-04-04 22:02:05.478000,13340.021,13336.747,750,740
2021-04-04 22:02:05.529000,13340.021,13336.519,750,750
2021-04-04 22:02:05.639000,13339.431,13336.537,750,16
2021-04-04 22:02:05.689000,13339.461,13335.919,750,750
2021-04-04 22:02:05.801000,13339.491,13336.837,750,16
2021-04-04 22:02:05.851000,13340.111,13336.859,750,750
2021-04-04 22:02:06.119000,13339.781,13336.837,750,16
2021-04-04 22:02:06.170000,13339.841,13336.399,750,750
2021-04-04 22:02:06.287000,13339.813,13336.529,750,750
2021-04-04 22:02:06.338000,13340.021,13336.559,750,750
2021-04-04 22:02:06.707000,13339.791,13336.547,750,740
2021-04-04 22:02:06.757000,13339.871,13336.389,750,750
2021-04-04 22:02:07.367000,13338.701,13336.347,750,16
2021-04-04 22:02:07.417000,13338.701,13335.289,750,750
2021-04-04 22:02:07.527000,13338.451,13335.257,750,16
2021-04-04 22:02:07.577000,13338.491,13334.969,750,750
2021-04-04 22:02:08.024000,13336.771,13334.997,750,16
2021-04-04 22:02:08.074000,13336.741,13333.299,750,750
2021-04-04 22:02:08.183000,13336.301,13333.267,750,16
2021-04-04 22:02:08.233000,13336.391,13332.849,750,750
2021-04-04 22:02:08.892000,13336.231,13332.877,750,740
2021-04-04 22:02:08.942000,13336.241,13332.729,750,750
2021-04-04 22:02:09.214000,13335.701,13332.489,750,750
2021-04-04 22:02:09.384000,13335.211,13331.789,750,750
2021-04-04 22:02:09.534000,13334.491,13331.757,750,16
2021-04-04 22:02:09.584000,13334.581,13331.029,750,750
2021-04-04 22:02:09.936000,13334.401,13331.077,750,740
2021-04-04 22:02:09.986000,13334.411,13330.949,750,750
2021-04-04 22:02:10.265000,13333.461,13329.959,750,750
2021-04-04 22:02:10.416000,13333.463,13330.499,750,36
2021-04-04 22:02:10.467000,13333.981,13330.489,750,750
2021-04-04 22:02:10.579000,13333.431,13330.427,750,16
2021-04-04 22:02:10.629000,13333.411,13329.959,750,750
2021-04-04 22:02:10.744000,13333.001,13329.549,750,750
2021-04-04 22:02:10.897000,13333.003,13329.819,750,36
2021-04-04 22:02:10.948000,13333.351,13329.909,750,750
2021-04-04 22:02:11.058000,13333.103,13330.299,750,36
2021-04-04 22:02:11.108000,13333.681,13330.249,750,750
2021-04-04 22:02:11.217000,13333.541,13330.217,750,740
2021-04-04 22:02:11.268000,13333.491,13330.089,750,750
2021-04-04 22:02:12.144000,13333.061,13330.077,750,16
2021-04-04 22:02:12.194000,13333.061,13329.519,750,750
2021-04-04 22:02:12.479000,13333.063,13330.259,750,36
2021-04-04 22:02:12.529000,13333.761,13330.309,750,750
2021-04-04 22:02:12.638000,13333.763,13330.879,750,36
2021-04-04 22:02:12.688000,13334.351,13330.849,750,750
2021-04-04 22:02:12.799000,13334.041,13330.867,750,16
2021-04-04 22:02:12.849000,13334.051,13330.579,750,750
2021-04-04 22:02:12.960000,13334.001,13330.767,750,740
2021-04-04 22:02:13.010000,13334.271,13330.729,750,750
2021-04-04 22:02:13.532000,13333.811,13330.787,750,740
2021-04-04 22:02:13.583000,13334.071,13330.579,750,750
2021-04-04 22:02:13.694000,13334.023,13330.999,750,36
2021-04-04 22:02:13.744000,13334.261,13330.789,750,750
2021-04-04 22:02:14.047000,13333.961,13330.777,750,16
2021-04-04 22:02:14.097000,13333.931,13330.469,750,750
2021-04-04 22:02:14.509000,13333.973,13330.739,750,36
2021-04-04 22:02:14.559000,13334.281,13330.809,750,750
2021-04-04 22:02:14.669000,13333.931,13330.727,750,16
2021-04-04 22:02:14.719000,13333.941,13330.489,750,750
2021-04-04 22:02:15.437000,13333.983,13330.599,750,750
2021-04-04 22:02:15.487000,13334.061,13330.519,750,750
2021-04-04 22:02:15.771000,13334.093,13330.819,750,36
2021-04-04 22:02:15.822000,13334.241,13330.769,750,750
2021-04-04 22:02:16.338000,13333.691,13330.767,750,16
2021-04-04 22:02:16.388000,13333.771,13330.259,750,750
2021-04-04 22:02:16.765000,13333.703,13330.399,750,750
2021-04-04 22:02:16.815000,13333.831,13330.349,750,750
2021-04-04 22:02:17.335000,13333.843,13330.699,750,36
2021-04-04 22:02:17.385000,13333.981,13330.699,750,750
2021-04-04 22:02:17.497000,13333.841,13330.437,750,740
2021-04-04 22:02:17.547000,13333.821,13330.399,750,750
2021-04-04 22:02:17.655000,13333.863,13330.509,750,750
2021-04-04 22:02:17.706000,13334.051,13330.539,750,750
2021-04-04 22:02:17.816000,13334.023,13330.999,750,36
2021-04-04 22:02:17.866000,13334.271,13330.729,750,750
2021-04-04 22:02:17.976000,13334.243,13330.849,750,750
2021-04-04 22:02:18.026000,13334.111,13330.859,750,750
2021-04-04 22:02:18.137000,13334.343,13331.479,750,36
2021-04-04 22:02:18.187000,13334.961,13331.449,750,750
2021-04-04 22:02:18.296000,13334.851,13331.467,750,740
2021-04-04 22:02:18.346000,13334.801,13331.379,750,750
2021-04-04 22:02:18.512000,13334.421,13331.367,750,16
2021-04-04 22:02:18.562000,13334.471,13330.959,750,750
2021-04-04 22:02:18.674000,13334.423,13331.959,750,36
2021-04-04 22:02:18.724000,13335.211,13331.999,750,750
2021-04-04 22:02:18.887000,13335.301,13331.977,750,740
2021-04-04 22:02:18.937000,13335.291,13331.819,750,750
2021-04-04 22:02:19.346000,13334.821,13331.907,750,16
2021-04-04 22:02:19.396000,13334.881,13331.589,750,750
2021-04-04 22:02:19.619000,13334.091,13331.337,750,16
2021-04-04 22:02:19.670000,13334.071,13330.609,750,750
2021-04-04 22:02:19.786000,13334.071,13330.867,750,16
2021-04-04 22:02:19.836000,13334.361,13330.829,750,750
2021-04-04 22:02:20.463000,13334.071,13330.887,750,16
2021-04-04 22:02:20.513000,13333.991,13330.529,750,750
2021-04-04 22:02:20.803000,13333.091,13330.617,750,16
2021-04-04 22:02:20.853000,13332.991,13329.559,750,750
2021-04-04 22:02:21.463000,13332.841,13329.547,750,740
2021-04-04 22:02:21.513000,13332.821,13329.359,750,750
2021-04-04 22:02:22.999000,13332.721,13329.397,750,740
2021-04-04 22:02:23.049000,13332.681,13329.269,750,750
2021-04-04 22:02:24.349000,13332.753,13329.819,750,36
2021-04-04 22:02:24.399000,13333.311,13329.919,750,750
2021-04-04 22:02:24.509000,13333.383,13329.919,750,750
2021-04-04 22:02:24.559000,13333.461,13329.929,750,750
2021-04-04 22:02:24.670000,13333.383,13330.089,750,750
2021-04-04 22:02:24.720000,13333.521,13330.109,750,750
2021-04-04 22:02:24.828000,13332.201,13330.087,750,16
2021-04-04 22:02:24.878000,13332.411,13329.019,750,750
2021-04-04 22:02:25.632000,13332.413,13329.069,750,750
2021-04-04 22:02:25.682000,13332.541,13329.009,750,750
2021-04-04 22:02:25.793000,13332.493,13329.249,750,750
2021-04-04 22:02:25.844000,13332.501,13329.269,750,750
2021-04-04 22:02:26.273000,13332.561,13329.217,750,740
2021-04-04 22:02:26.470000,13332.201,13329.097,750,16
2021-04-04 22:02:26.522000,13332.211,13328.749,750,750
2021-04-04 22:02:26.594000,13332.213,13329.519,750,36
2021-04-04 22:02:26.644000,13332.941,13329.419,750,750
2021-04-04 22:02:26.912000,13332.943,13329.589,750,750
2021-04-04 22:02:26.963000,13333.061,13329.799,750,750
2021-04-04 22:02:27.182000,13332.701,13329.557,750,740
2021-04-04 22:02:27.233000,13332.701,13329.469,750,750
2021-04-04 22:02:27.342000,13332.903,13329.559,750,750
2021-04-04 22:02:27.392000,13333.081,13329.559,750,750
2021-04-04 22:02:27.503000,13333.013,13330.419,750,36
2021-04-04 22:02:27.553000,13333.931,13330.509,750,750
2021-04-04 22:02:27.663000,13333.713,13330.739,750,36
2021-04-04 22:02:27.713000,13334.231,13330.719,750,750
2021-04-04 22:02:28.529000,13334.233,13330.909,750,750
2021-04-04 22:02:28.579000,13334.301,13330.869,750,750
2021-04-04 22:02:28.692000,13334.221,13330.857,750,740
2021-04-04 22:02:28.742000,13334.261,13330.819,750,750
2021-04-04 22:02:28.851000,13334.081,13330.737,750,740
2021-04-04 22:02:28.901000,13334.041,13330.569,750,750
2021-04-04 22:02:29.010000,13334.073,13330.799,750,750
2021-04-04 22:02:29.060000,13334.231,13330.799,750,750
2021-04-04 22:02:30.328000,13334.003,13330.739,750,750
2021-04-04 22:02:30.378000,13334.031,13330.539,750,750
2021-04-04 22:02:31.312000,13333.851,13330.597,750,740
2021-04-04 22:02:31.363000,13333.861,13330.349,750,750
2021-04-04 22:02:31.760000,13333.803,13330.719,750,36
2021-04-04 22:02:31.810000,13334.281,13330.799,750,750
2021-04-04 22:02:32.015000,13333.741,13330.757,750,16
2021-04-04 22:02:32.065000,13333.781,13330.289,750,750
2021-04-04 22:02:32.178000,13333.743,13330.609,750,36
2021-04-04 22:02:32.228000,13334.061,13330.579,750,750
2021-04-04 22:02:32.335000,13334.023,13330.829,750,36
2021-04-04 22:02:32.385000,13334.331,13330.889,750,750
2021-04-04 22:02:32.496000,13334.343,13332.049,750,36
2021-04-04 22:02:32.546000,13335.571,13332.029,750,750
2021-04-04 22:02:32.656000,13334.361,13332.287,750,16
2021-04-04 22:02:32.706000,13334.311,13331.099,750,750
2021-04-04 22:02:32.893000,13334.001,13330.857,750,740
2021-04-04 22:02:32.943000,13334.211,13330.749,750,750
2021-04-04 22:02:33.279000,13333.991,13330.717,750,740
2021-04-04 22:02:33.330000,13334.021,13330.599,750,750
2021-04-04 22:02:33.440000,13333.421,13330.607,750,16
2021-04-04 22:02:33.491000,13333.201,13329.929,750,750
2021-04-04 22:02:34.328000,13333.423,13330.089,750,750
2021-04-04 22:02:34.378000,13333.501,13330.069,750,750
2021-04-04 22:02:34.488000,13333.583,13330.269,750,750
2021-04-04 22:02:34.538000,13333.751,13330.319,750,750
2021-04-04 22:02:35.469000,13333.111,13330.297,750,16
2021-04-04 22:02:35.519000,13333.291,13329.909,750,750
2021-04-04 22:02:35.630000,13333.363,13330.519,750,36
2021-04-04 22:02:35.681000,13333.991,13330.539,750,750
2021-04-04 22:02:35.851000,13333.951,13330.597,750,740
2021-04-04 22:02:35.902000,13333.971,13330.499,750,750
2021-04-04 22:02:36.008000,13333.801,13330.789,750,750
2021-04-04 22:02:36.188000,13334.043,13330.809,750,36
2021-04-04 22:02:36.238000,13334.181,13330.719,750,750
2021-04-04 22:02:36.669000,13334.021,13330.747,750,740
2021-04-04 22:02:36.719000,13334.041,13330.589,750,750
2021-04-04 22:02:37.101000,13333.841,13330.557,750,740
2021-04-04 22:02:37.151000,13333.791,13330.419,750,750
2021-04-04 22:02:37.959000,13334.891,13331.449,750,750
2021-04-04 22:02:38.120000,13334.531,13331.477,750,16
2021-04-04 22:02:38.170000,13334.311,13331.099,750,750
2021-04-04 22:02:38.599000,13334.471,13331.107,750,740
2021-04-04 22:02:38.650000,13334.481,13330.909,750,750
2021-04-04 22:02:39.385000,13334.371,13330.907,750,740
2021-04-04 22:02:39.435000,13334.311,13330.869,750,750
2021-04-04 22:02:40.074000,13334.911,13331.479,750,750
2021-04-04 22:02:40.239000,13334.963,13332.009,750,36
2021-04-04 22:02:40.289000,13335.411,13331.999,750,750
2021-04-04 22:02:40.393000,13335.443,13332.599,750,36
2021-04-04 22:02:40.444000,13335.791,13332.379,750,750
2021-04-04 22:02:40.783000,13335.803,13332.489,750,750
2021-04-04 22:02:40.833000,13335.701,13332.689,750,750
2021-04-04 22:02:41.327000,13335.701,13333.697,750,16
2021-04-04 22:02:41.378000,13336.951,13333.459,750,750
2021-04-04 22:02:41.479000,13336.933,13333.599,750,750
2021-04-04 22:02:41.530000,13337.011,13333.549,750,750
2021-04-04 22:02:42.085000,13337.023,13333.899,750,36
2021-04-04 22:02:42.135000,13339.961,13336.499,750,750
2021-04-04 22:02:42.270000,13338.861,13336.437,750,16
2021-04-04 22:02:42.320000,13338.871,13335.339,750,750
2021-04-04 22:02:42.430000,13338.803,13335.459,750,750
2021-04-04 22:02:42.480000,13338.981,13335.489,750,750
2021-04-04 22:02:42.592000,13338.933,13335.869,750,36
2021-04-04 22:02:42.642000,13339.381,13335.849,750,750
2021-04-04 22:02:43.048000,13339.343,13335.969,750,750
2021-04-04 22:02:43.098000,13339.461,13335.949,750,750
2021-04-04 22:02:43.211000,13339.891,13336.459,750,750
2021-04-04 22:02:43.368000,13338.741,13336.497,750,16
2021-04-04 22:02:43.418000,13338.731,13335.229,750,750
2021-04-04 22:02:43.529000,13336.761,13335.487,750,16
2021-04-04 22:02:43.579000,13336.751,13333.299,750,750
2021-04-04 22:02:43.689000,13335.551,13333.207,750,16
2021-04-04 22:02:43.739000,13335.561,13332.109,750,750
2021-04-04 22:02:43.852000,13335.573,13332.429,750,36
2021-04-04 22:02:43.902000,13335.931,13332.429,750,750
2021-04-04 22:02:44.012000,13335.953,13333.279,750,36
2021-04-04 22:02:44.062000,13336.501,13333.219,750,750
2021-04-04 22:02:44.310000,13336.753,13333.509,750,36
2021-04-04 22:02:44.360000,13336.931,13333.499,750,750
2021-04-04 22:02:44.470000,13336.903,13334.019,750,36
2021-04-04 22:02:44.520000,13337.531,13334.079,750,750
2021-04-04 22:02:45.390000,13337.503,13335.199,750,36
2021-04-04 22:02:45.440000,13338.411,13334.979,750,750
2021-04-04 22:02:45.550000,13337.761,13334.967,750,16
2021-04-04 22:02:45.600000,13337.741,13334.249,750,750
2021-04-04 22:02:45.905000,13337.461,13334.307,750,16
2021-04-04 22:02:45.956000,13337.451,13333.919,750,750
2021-04-04 22:02:46.999000,13337.493,13334.079,750,750
2021-04-04 22:02:47.049000,13337.531,13334.289,750,750
2021-04-04 22:02:47.472000,13337.543,13334.809,750,36
2021-04-04 22:02:47.522000,13338.191,13334.709,750,750
2021-04-04 22:02:49.331000,13338.243,13335.289,750,36
2021-04-04 22:02:49.382000,13338.511,13335.269,750,750
2021-04-04 22:02:49.823000,13338.793,13335.339,750,750
2021-04-04 22:02:49.874000,13338.821,13335.369,750,750
2021-04-04 22:02:49.984000,13338.793,13335.609,750,36
2021-04-04 22:02:50.034000,13339.041,13335.789,750,750
2021-04-04 22:02:50.950000,13339.093,13335.809,750,36
2021-04-04 22:02:51.001000,13339.291,13335.809,750,750
2021-04-04 22:02:51.678000,13338.891,13335.727,750,16
2021-04-04 22:02:51.728000,13338.961,13335.469,750,750
2021-04-04 22:02:52.474000,13338.943,13335.609,750,750
2021-04-04 22:02:52.524000,13339.001,13335.549,750,750
2021-04-04 22:02:52.954000,13339.083,13335.789,750,750
2021-04-04 22:02:53.004000,13339.261,13335.989,750,750
2021-04-04 22:02:53.327000,13338.611,13335.727,750,16
2021-04-04 22:02:53.377000,13338.841,13335.419,750,750
2021-04-04 22:02:54.034000,13338.873,13336.419,750,36
2021-04-04 22:02:54.084000,13339.881,13336.339,750,750
2021-04-04 22:02:54.506000,13339.363,13336.419,750,36
2021-04-04 22:02:54.556000,13339.881,13336.389,750,750
2021-04-04 22:02:55.134000,13339.893,13336.799,750,36
2021-04-04 22:02:55.184000,13340.281,13336.769,750,750
2021-04-04 22:02:55.293000,13340.213,13337.429,750,36
2021-04-04 22:02:55.344000,13340.921,13337.449,750,750
2021-04-04 22:02:55.453000,13340.851,13337.447,750,740
2021-04-04 22:02:55.504000,13340.881,13337.349,750,750
2021-04-04 22:02:55.614000,13340.361,13337.377,750,16
2021-04-04 22:02:55.664000,13340.101,13336.869,750,750
2021-04-04 22:02:56.145000,13340.213,13336.859,750,750
2021-04-04 22:02:56.195000,13340.211,13336.779,750,750
2021-04-04 22:02:56.303000,13340.273,13336.979,750,750
2021-04-04 22:02:56.354000,13340.421,13336.959,750,750
2021-04-04 22:02:56.465000,13339.921,13336.917,750,16
2021-04-04 22:02:56.515000,13339.981,13336.409,750,750
2021-04-04 22:02:56.909000,13337.201,13336.447,750,16
2021-04-04 22:02:56.959000,13337.451,13333.939,750,750
2021-04-04 22:02:57.069000,13335.731,13333.917,750,16
2021-04-04 22:02:57.120000,13335.511,13332.239,750,750
2021-04-04 22:02:57.229000,13335.743,13334.339,750,36
2021-04-04 22:02:57.279000,13337.871,13334.399,750,750
2021-04-04 22:02:58.090000,13337.883,13334.519,750,750
2021-04-04 22:02:58.141000,13337.701,13334.429,750,750
2021-04-04 22:02:58.811000,13337.913,13334.589,750,750
2021-04-04 22:02:58.861000,13340.391,13336.939,750,750
2021-04-04 22:02:59.142000,13340.433,13337.119,750,750
2021-04-04 22:02:59.193000,13340.501,13337.069,750,750
2021-04-04 22:02:59.549000,13340.051,13337.117,750,16
2021-04-04 22:02:59.600000,13340.031,13336.589,750,750
2021-04-04 22:02:59.710000,13338.073,13336.539,750,36
2021-04-04 22:02:59.760000,13338.041,13334.529,750,750
2021-04-04 22:02:59.869000,13338.013,13335.349,750,36
2021-04-04 22:02:59.919000,13338.841,13335.359,750,750
2021-04-04 22:03:00.032000,13337.821,13335.407,750,16
2021-04-04 22:03:00.083000,13337.811,13334.379,750,750
2021-04-04 22:03:00.191000,13337.603,13335.009,750,36
2021-04-04 22:03:00.241000,13338.591,13335.029,750,750
2021-04-04 22:03:00.510000,13338.561,13335.947,750,16
2021-04-04 22:03:00.561000,13339.421,13335.969,750,750
2021-04-04 22:03:00.668000,13339.483,13336.409,750,36
2021-04-04 22:03:00.719000,13339.811,13336.359,750,750
2021-04-04 22:03:00.831000,13339.813,13336.579,750,750
2021-04-04 22:03:00.881000,13340.011,13336.569,750,750
2021-04-04 22:03:02.759000,13339.921,13336.439,750,750
2021-04-04 22:03:02.915000,13339.731,13336.487,750,740
2021-04-04 22:03:02.965000,13339.741,13336.319,750,750
2021-04-04 22:03:03.303000,13339.723,13336.399,750,750
2021-04-04 22:03:03.353000,13339.811,13336.319,750,750
2021-04-04 22:03:03.469000,13338.431,13336.317,750,16
2021-04-04 22:03:03.520000,13338.401,13334.989,750,750
2021-04-04 22:03:03.628000,13337.753,13334.909,750,36
2021-04-04 22:03:03.678000,13337.731,13334.289,750,750
2021-04-04 22:03:03.784000,13337.041,13334.297,750,16
2021-04-04 22:03:03.834000,13337.061,13333.609,750,750
2021-04-04 22:03:04.544000,13337.013,13333.839,750,36
2021-04-04 22:03:04.594000,13337.311,13333.909,750,750
2021-04-04 22:03:04.703000,13337.071,13333.897,750,16
2021-04-04 22:03:04.753000,13336.991,13333.539,750,750
2021-04-04 22:03:05.273000,13337.033,13333.859,750,36
2021-04-04 22:03:05.323000,13337.281,13333.869,750,750
2021-04-04 22:03:05.583000,13338.001,13334.559,750,750
2021-04-04 22:03:05.742000,13338.023,13335.819,750,36
2021-04-04 22:03:05.792000,13339.341,13335.819,750,750
2021-04-04 22:03:05.901000,13338.211,13335.827,750,16
2021-04-04 22:03:05.951000,13338.181,13334.759,750,750
2021-04-04 22:03:06.595000,13338.283,13334.939,750,750
2021-04-04 22:03:06.645000,13338.411,13335.199,750,750
2021-04-04 22:03:06.757000,13338.463,13335.459,750,36
2021-04-04 22:03:06.807000,13338.941,13335.499,750,750
2021-04-04 22:03:07.076000,13338.963,13335.779,750,36
2021-04-04 22:03:07.126000,13339.191,13335.999,750,750
2021-04-04 22:03:07.243000,13339.001,13335.777,750,740
2021-04-04 22:03:07.294000,13339.001,13335.599,750,750
2021-04-04 22:03:08.001000,13338.601,13335.587,750,740
2021-04-04 22:03:08.052000,13338.601,13335.419,750,750
2021-04-04 22:03:08.969000,13337.381,13335.417,750,16
2021-04-04 22:03:09.020000,13337.381,13333.859,750,750
2021-04-04 22:03:09.291000,13337.283,13334.019,750,750
2021-04-04 22:03:09.341000,13337.541,13334.069,750,750
2021-04-04 22:03:09.450000,13337.451,13334.077,750,740
2021-04-04 22:03:09.501000,13337.491,13333.979,750,750
2021-04-04 22:03:10.408000,13336.811,13333.967,750,16
2021-04-04 22:03:10.459000,13337.061,13333.599,750,750
2021-04-04 22:03:10.569000,13337.013,13334.029,750,36
2021-04-04 22:03:10.620000,13337.301,13334.119,750,750
2021-04-04 22:03:10.892000,13337.321,13333.889,750,750
2021-04-04 22:03:11.722000,13337.491,13334.089,750,750
2021-04-04 22:03:12.974000,13337.533,13334.319,750,36
2021-04-04 22:03:13.025000,13337.861,13334.399,750,750
2021-04-04 22:03:16.510000,13337.251,13334.587,750,16
2021-04-04 22:03:16.560000,13337.011,13333.759,750,750
2021-04-04 22:03:16.696000,13337.223,13333.819,750,750
2021-04-04 22:03:16.746000,13337.331,13333.839,750,750
2021-04-04 22:03:16.905000,13337.383,13333.989,750,750
2021-04-04 22:03:16.956000,13337.471,13333.999,750,750
2021-04-04 22:03:17.066000,13337.031,13334.197,750,16
2021-04-04 22:03:17.117000,13336.801,13333.589,750,750
2021-04-04 22:03:18.251000,13336.961,13333.607,750,740
2021-04-04 22:03:18.301000,13336.901,13333.439,750,750
2021-04-04 22:03:19.023000,13336.883,13333.549,750,750
2021-04-04 22:03:19.074000,13337.001,13333.559,750,750
2021-04-04 22:03:19.183000,13337.073,13335.789,750,36
2021-04-04 22:03:19.233000,13339.001,13335.529,750,750
2021-04-04 22:03:20.250000,13338.801,13335.517,750,740
2021-04-04 22:03:20.301000,13338.601,13335.359,750,750
2021-04-04 22:03:20.410000,13338.853,13336.719,750,36
2021-04-04 22:03:20.460000,13340.291,13336.789,750,750
2021-04-04 22:03:21.217000,13340.193,13336.849,750,750
2021-04-04 22:03:21.268000,13340.321,13336.839,750,750
2021-04-04 22:03:21.377000,13339.531,13336.847,750,16
2021-04-04 22:03:21.427000,13339.581,13336.119,750,750
2021-04-04 22:03:21.547000,13339.573,13336.809,750,36
2021-04-04 22:03:21.598000,13340.261,13336.739,750,750
2021-04-04 22:03:21.697000,13340.061,13336.777,750,740
2021-04-04 22:03:21.747000,13340.011,13336.579,750,750
2021-04-04 22:03:22.312000,13340.063,13336.799,750,36
2021-04-04 22:03:22.362000,13340.011,13336.749,750,750
2021-04-04 22:03:22.558000,13340.193,13336.909,750,750
2021-04-04 22:03:22.609000,13340.431,13336.919,750,750
2021-04-04 22:03:22.717000,13340.251,13336.977,750,740
2021-04-04 22:03:22.767000,13340.251,13336.779,750,750
2021-04-04 22:03:23.020000,13339.921,13336.707,750,16
2021-04-04 22:03:23.070000,13339.891,13336.509,750,750
2021-04-04 22:03:23.183000,13339.983,13336.579,750,750
2021-04-04 22:03:23.234000,13340.001,13336.529,750,750
2021-04-04 22:03:23.892000,13339.831,13336.597,750,740
2021-04-04 22:03:23.942000,13339.861,13336.389,750,750
2021-04-04 22:03:24.055000,13339.883,13336.889,750,36
2021-04-04 22:03:24.106000,13340.381,13336.829,750,750
2021-04-04 22:03:24.700000,13340.293,13336.999,750,750
2021-04-04 22:03:24.750000,13340.401,13336.989,750,750
2021-04-04 22:03:24.858000,13340.511,13337.069,750,750
2021-04-04 22:03:25.017000,13340.573,13337.409,750,36
2021-04-04 22:03:25.068000,13340.921,13337.469,750,750
2021-04-04 22:03:25.579000,13341.231,13337.999,750,750
2021-04-04 22:03:25.741000,13341.401,13337.929,750,750
2021-04-04 22:03:26.115000,13341.473,13338.049,750,750
2021-04-04 22:03:26.165000,13341.571,13338.089,750,750
2021-04-04 22:03:27.522000,13341.533,13338.589,750,36
2021-04-04 22:03:27.573000,13341.881,13338.329,750,750
2021-04-04 22:03:27.683000,13341.853,13338.419,750,750
2021-04-04 22:03:27.733000,13341.931,13338.449,750,750
2021-04-04 22:03:27.877000,13341.801,13338.497,750,740
2021-04-04 22:03:27.927000,13341.811,13338.339,750,750
2021-04-04 22:03:28.038000,13341.701,13338.367,750,740
2021-04-04 22:03:28.088000,13341.711,13338.239,750,750
2021-04-04 22:03:28.286000,13341.753,13338.339,750,750
2021-04-04 22:03:28.336000,13341.611,13338.599,750,750
2021-04-04 22:03:28.704000,13341.751,13338.367,750,740
2021-04-04 22:03:28.755000,13341.691,13338.299,750,750
2021-04-04 22:03:29.202000,13340.941,13338.307,750,16
2021-04-04 22:03:29.253000,13340.911,13337.439,750,750
2021-04-04 22:03:29.363000,13340.703,13337.729,750,36
2021-04-04 22:03:29.413000,13341.201,13337.759,750,750
2021-04-04 22:03:29.547000,13341.233,13337.879,750,750
2021-04-04 22:03:29.597000,13341.341,13338.099,750,750
2021-04-04 22:03:29.709000,13341.343,13337.979,750,750
2021-04-04 22:03:29.759000,13341.451,13337.949,750,750
2021-04-04 22:03:30.062000,13341.341,13337.829,750,750
2021-04-04 22:03:30.541000,13341.383,13337.949,750,750
2021-04-04 22:03:30.591000,13341.201,13337.979,750,750
2021-04-04 22:03:31.070000,13341.383,13338.069,750,750
2021-04-04 22:03:31.121000,13341.491,13338.029,750,750
2021-04-04 22:03:31.249000,13341.313,13338.209,750,750
2021-04-04 22:03:31.299000,13341.751,13338.239,750,750
2021-04-04 22:03:31.558000,13341.561,13338.207,750,740
2021-04-04 22:03:31.608000,13341.511,13338.039,750,750
2021-04-04 22:03:31.871000,13341.701,13338.289,750,750
2021-04-04 22:03:32.690000,13341.723,13338.419,750,750
2021-04-04 22:03:32.740000,13341.841,13338.419,750,750
2021-04-04 22:03:32.847000,13341.481,13338.317,750,16
2021-04-04 22:03:32.897000,13341.551,13338.049,750,750
2021-04-04 22:03:33.705000,13341.221,13338.107,750,16
2021-04-04 22:03:33.755000,13341.231,13337.799,750,750
2021-04-04 22:03:34.328000,13341.263,13338.249,750,36
2021-04-04 22:03:34.378000,13341.711,13338.269,750,750
2021-04-04 22:03:34.488000,13341.541,13338.217,750,740
2021-04-04 22:03:34.538000,13341.501,13338.109,750,750
2021-04-04 22:03:34.649000,13341.441,13337.979,750,750
2021-04-04 22:03:36.251000,13341.453,13338.069,750,750
2021-04-04 22:03:36.301000,13341.581,13338.079,750,750
2021-04-04 22:03:36.398000,13341.491,13338.037,750,740
2021-04-04 22:03:36.449000,13341.491,13338.199,750,750
2021-04-04 22:03:37.170000,13341.453,13338.079,750,750
2021-04-04 22:03:37.220000,13341.561,13338.049,750,750
2021-04-04 22:03:37.330000,13341.251,13338.287,750,16
2021-04-04 22:03:37.381000,13341.251,13337.799,750,750
2021-04-04 22:03:38.039000,13341.263,13337.869,750,750
2021-04-04 22:03:38.089000,13341.321,13337.849,750,750
2021-04-04 22:03:38.200000,13341.313,13338.499,750,36
2021-04-04 22:03:38.250000,13341.781,13338.289,750,750
2021-04-04 22:03:38.360000,13341.513,13338.399,750,750
2021-04-04 22:03:38.410000,13341.801,13338.359,750,750
2021-04-04 22:03:38.640000,13341.681,13338.317,750,740
2021-04-04 22:03:38.690000,13341.691,13338.289,750,750
2021-04-04 22:03:38.868000,13341.753,13340.789,750,36
2021-04-04 22:03:38.918000,13344.241,13340.759,750,750
2021-04-04 22:03:39.028000,13344.273,13341.079,750,36
2021-04-04 22:03:39.078000,13344.571,13341.109,750,750
2021-04-04 22:03:39.253000,13343.801,13341.087,750,16
2021-04-04 22:03:39.304000,13343.981,13340.559,750,750
2021-04-04 22:03:39.414000,13344.033,13340.889,750,36
2021-04-04 22:03:39.464000,13344.301,13341.099,750,750
2021-04-04 22:03:40.549000,13344.313,13340.969,750,750
2021-04-04 22:03:40.599000,13344.461,13341.019,750,750
2021-04-04 22:03:40.825000,13344.463,13341.579,750,36
2021-04-04 22:03:40.875000,13345.051,13341.569,750,750
2021-04-04 22:03:41.832000,13344.901,13341.517,750,740
2021-04-04 22:03:41.882000,13344.981,13341.469,750,750
2021-04-04 22:03:42.072000,13344.611,13341.407,750,740
2021-04-04 22:03:42.123000,13344.801,13341.399,750,750
2021-04-04 22:03:42.234000,13343.411,13341.377,750,16
2021-04-04 22:03:42.284000,13343.411,13340.009,750,750
2021-04-04 22:03:42.554000,13343.463,13340.799,750,36
2021-04-04 22:03:42.604000,13344.071,13340.529,750,750
2021-04-04 22:03:42.715000,13343.711,13340.587,750,740
2021-04-04 22:03:42.766000,13343.911,13340.689,750,750
2021-04-04 22:03:43.335000,13343.811,13340.359,750,750
2021-04-04 22:03:43.498000,13343.833,13341.509,750,36
2021-04-04 22:03:43.548000,13345.001,13341.599,750,750
2021-04-04 22:03:43.817000,13345.023,13341.799,750,36
2021-04-04 22:03:43.868000,13345.261,13341.739,750,750
2021-04-04 22:03:43.979000,13344.951,13341.767,750,16
2021-04-04 22:03:44.029000,13344.711,13341.459,750,750
2021-04-04 22:03:44.143000,13344.101,13341.427,750,16
2021-04-04 22:03:44.193000,13344.361,13340.839,750,750
2021-04-04 22:03:44.297000,13344.231,13340.827,750,740
2021-04-04 22:03:44.348000,13344.271,13340.999,750,750
2021-04-04 22:03:44.793000,13344.233,13340.859,750,750
2021-04-04 22:03:44.844000,13344.351,13341.099,750,750
2021-04-04 22:03:45.403000,13344.091,13340.837,750,16
2021-04-04 22:03:45.454000,13343.811,13340.539,750,750
2021-04-04 22:03:45.564000,13344.003,13340.719,750,750
2021-04-04 22:03:45.614000,13344.281,13340.769,750,750
2021-04-04 22:03:46.436000,13344.213,13340.909,750,750
2021-04-04 22:03:46.486000,13344.311,13340.909,750,750
2021-04-04 22:03:48.259000,13344.231,13340.897,750,740
2021-04-04 22:03:48.309000,13344.251,13340.719,750,750
2021-04-04 22:03:48.732000,13343.301,13340.797,750,16
2021-04-04 22:03:48.783000,13343.561,13340.299,750,750
2021-04-04 22:03:49.117000,13343.311,13340.057,750,740
2021-04-04 22:03:49.167000,13343.331,13339.819,750,750
2021-04-04 22:03:49.348000,13343.383,13339.939,750,750
2021-04-04 22:03:49.399000,13343.391,13340.009,750,750
2021-04-04 22:03:49.509000,13343.393,13340.039,750,750
2021-04-04 22:03:49.560000,13343.591,13340.039,750,750
2021-04-04 22:03:49.670000,13343.341,13340.047,750,740
2021-04-04 22:03:49.720000,13343.361,13339.889,750,750
2021-04-04 22:03:50.257000,13343.741,13340.279,750,750
2021-04-04 22:03:50.407000,13343.753,13340.799,750,36
2021-04-04 22:03:50.457000,13344.281,13340.729,750,750
2021-04-04 22:03:50.567000,13344.061,13340.717,750,740
2021-04-04 22:03:50.617000,13344.021,13340.579,750,750
2021-04-04 22:03:51.142000,13343.203,13340.529,750,36
2021-04-04 22:03:51.192000,13343.381,13339.949,750,750
2021-04-04 22:03:51.464000,13343.483,13340.799,750,36
2021-04-04 22:03:51.514000,13344.261,13340.809,750,750
2021-04-04 22:03:51.917000,13344.213,13341.039,750,36
2021-04-04 22:03:51.968000,13344.311,13341.289,750,750
2021-04-04 22:03:52.074000,13344.381,13341.007,750,740
2021-04-04 22:03:52.124000,13344.301,13340.819,750,750
2021-04-04 22:03:52.235000,13344.393,13341.009,750,750
2021-04-04 22:03:52.285000,13344.441,13341.009,750,750
2021-04-04 22:03:53.163000,13344.201,13340.957,750,740
2021-04-04 22:03:53.213000,13344.191,13340.729,750,750
2021-04-04 22:03:53.483000,13344.273,13341.279,750,36
2021-04-04 22:03:53.533000,13344.751,13341.279,750,750
2021-04-04 22:03:54.419000,13344.481,13341.247,750,16
2021-04-04 22:03:54.469000,13344.471,13341.009,750,750
2021-04-04 22:03:55.114000,13344.321,13340.957,750,740
2021-04-04 22:03:55.165000,13344.381,13340.839,750,750
2021-04-04 22:03:55.278000,13344.471,13340.979,750,750
2021-04-04 22:03:55.496000,13344.101,13341.007,750,740
2021-04-04 22:03:55.547000,13344.311,13340.889,750,750
2021-04-04 22:03:56.007000,13344.353,13341.299,750,36
2021-04-04 22:03:56.057000,13344.541,13341.079,750,750
2021-04-04 22:03:56.607000,13344.513,13341.057,750,990
2021-04-04 22:03:56.658000,13347.791,13344.499,750,750
2021-04-04 22:03:56.968000,13347.513,13345.399,750,36
2021-04-04 22:03:57.018000,13348.801,13345.309,750,750
2021-04-04 22:03:58.346000,13347.381,13345.307,750,16
2021-04-04 22:03:58.397000,13347.311,13343.829,750,750
2021-04-04 22:03:58.507000,13347.691,13344.239,750,750
2021-04-04 22:03:58.668000,13345.821,13344.287,750,16
2021-04-04 22:03:58.718000,13345.861,13342.379,750,750
2021-04-04 22:03:58.826000,13344.911,13342.377,750,16
2021-04-04 22:03:58.876000,13344.951,13341.499,750,750
2021-04-04 22:03:58.988000,13344.771,13341.517,750,16
2021-04-04 22:03:59.038000,13344.761,13341.249,750,750
2021-04-04 22:03:59.515000,13344.703,13341.419,750,750
2021-04-04 22:03:59.566000,13344.831,13341.329,750,750
2021-04-04 22:03:59.926000,13344.571,13341.327,750,16
2021-04-04 22:03:59.976000,13344.511,13341.289,750,750
2021-04-04 22:04:00.085000,13343.611,13341.047,750,16
2021-04-04 22:04:00.136000,13343.871,13340.329,750,750
2021-04-04 22:04:00.247000,13343.511,13340.387,750,740
2021-04-04 22:04:00.299000,13343.781,13340.489,750,750
2021-04-04 22:04:00.360000,13343.703,13342.589,750,36
2021-04-04 22:04:00.410000,13345.991,13342.619,750,750
2021-04-04 22:04:00.521000,13346.381,13342.829,750,750
2021-04-04 22:04:00.680000,13345.851,13342.907,750,16
2021-04-04 22:04:00.730000,13345.841,13342.409,750,750
2021-04-04 22:04:01.122000,13345.853,13342.549,750,750
2021-04-04 22:04:01.172000,13346.031,13342.789,750,750
2021-04-04 22:04:01.282000,13345.891,13342.567,750,740
2021-04-04 22:04:01.332000,13345.971,13342.409,750,750
2021-04-04 22:04:02.291000,13345.071,13342.447,750,16
2021-04-04 22:04:02.341000,13345.051,13341.559,750,750
2021-04-04 22:04:04.304000,13344.801,13341.547,750,740
2021-04-04 22:04:04.354000,13344.891,13341.309,750,750
2021-04-04 22:04:04.465000,13344.231,13341.307,750,16
2021-04-04 22:04:04.516000,13344.221,13340.749,750,750
2021-04-04 22:04:04.627000,13344.013,13340.989,750,750
2021-04-04 22:04:04.678000,13344.421,13341.009,750,750
2021-04-04 22:04:04.945000,13344.473,13341.419,750,36
2021-04-04 22:04:04.996000,13344.881,13341.359,750,750
2021-04-04 22:04:05.982000,13344.603,13341.799,750,36
2021-04-04 22:04:06.032000,13345.281,13341.769,750,750
2021-04-04 22:04:06.143000,13344.951,13341.997,750,16
2021-04-04 22:04:06.194000,13344.901,13341.489,750,750
2021-04-04 22:04:06.374000,13344.923,13341.809,750,36
2021-04-04 22:04:06.424000,13345.331,13342.089,750,750
2021-04-04 22:04:06.533000,13344.781,13341.807,750,16
2021-04-04 22:04:06.583000,13344.821,13341.339,750,750
2021-04-04 22:04:07.273000,13344.411,13341.387,750,16
2021-04-04 22:04:07.323000,13344.401,13340.989,750,750
2021-04-04 22:04:07.431000,13342.381,13341.017,750,16
2021-04-04 22:04:07.482000,13342.431,13338.939,750,750
2021-04-04 22:04:07.751000,13342.423,13339.449,750,36
2021-04-04 22:04:07.802000,13342.901,13339.479,750,750
2021-04-04 22:04:08.140000,13342.963,13339.559,750,750
2021-04-04 22:04:08.190000,13343.071,13339.789,750,750
2021-04-04 22:04:08.301000,13342.993,13339.739,750,750
2021-04-04 22:04:08.351000,13343.281,13339.769,750,750
2021-04-04 22:04:08.989000,13343.283,13340.089,750,36
2021-04-04 22:04:09.040000,13343.511,13340.009,750,750
2021-04-04 22:04:09.150000,13343.503,13340.769,750,36
2021-04-04 22:04:09.200000,13344.201,13340.799,750,750
2021-04-04 22:04:09.938000,13343.891,13340.747,750,16
2021-04-04 22:04:09.989000,13343.901,13340.449,750,750
2021-04-04 22:04:10.099000,13343.371,13340.407,750,16
2021-04-04 22:04:10.150000,13343.321,13339.849,750,750
2021-04-04 22:04:10.450000,13342.981,13339.907,750,16
2021-04-04 22:04:10.500000,13343.011,13339.599,750,750
2021-04-04 22:04:10.611000,13342.881,13339.517,750,740
2021-04-04 22:04:10.661000,13342.931,13339.409,750,750
2021-04-04 22:04:11.102000,13342.811,13339.497,750,740
2021-04-04 22:04:11.152000,13342.841,13339.389,750,750
2021-04-04 22:04:11.367000,13342.501,13339.377,750,16
2021-04-04 22:04:11.418000,13342.571,13339.079,750,750
2021-04-04 22:04:11.529000,13342.361,13339.287,750,16
2021-04-04 22:04:11.580000,13342.361,13338.889,750,750
2021-04-04 22:04:11.872000,13342.323,13339.019,750,750
2021-04-04 22:04:11.923000,13342.561,13339.069,750,750
2021-04-04 22:04:12.192000,13342.563,13339.469,750,36
2021-04-04 22:04:12.242000,13342.941,13339.509,750,750
2021-04-04 22:04:13.167000,13342.511,13339.039,750,750
2021-04-04 22:04:13.743000,13342.583,13339.319,750,36
2021-04-04 22:04:13.794000,13342.771,13339.259,750,750
2021-04-04 22:04:14.127000,13342.723,13339.579,750,36
2021-04-04 22:04:14.178000,13343.081,13339.519,750,750
2021-04-04 22:04:15.501000,13343.013,13339.909,750,36
2021-04-04 22:04:15.551000,13343.331,13339.849,750,750
2021-04-04 22:04:15.904000,13343.191,13339.907,750,740
2021-04-04 22:04:15.954000,13343.241,13339.719,750,750
2021-04-04 22:04:18.004000,13343.263,13340.059,750,36
2021-04-04 22:04:18.055000,13343.531,13340.089,750,750
2021-04-04 22:04:19.139000,13343.471,13340.297,750,16
2021-04-04 22:04:19.190000,13343.201,13339.979,750,750
2021-04-04 22:04:19.300000,13343.341,13339.937,750,740
2021-04-04 22:04:19.350000,13343.341,13339.829,750,750
2021-04-04 22:04:21.258000,13342.791,13340.097,750,16
2021-04-04 22:04:21.308000,13342.691,13339.289,750,750
2021-04-04 22:04:21.417000,13342.693,13339.449,750,750
2021-04-04 22:04:21.467000,13342.951,13339.489,750,750
2021-04-04 22:04:24.298000,13342.893,13340.789,750,36
2021-04-04 22:04:24.348000,13344.061,13340.519,750,750
2021-04-04 22:04:24.458000,13344.041,13340.787,750,740
2021-04-04 22:04:24.508000,13344.011,13340.729,750,750
2021-04-04 22:04:25.312000,13344.081,13340.817,750,16
2021-04-04 22:04:25.363000,13343.991,13340.589,750,750
2021-04-04 22:04:25.635000,13346.261,13342.729,750,750
2021-04-04 22:04:25.795000,13346.273,13342.939,750,750
2021-04-04 22:04:25.846000,13346.421,13342.999,750,750
2021-04-04 22:04:25.956000,13346.403,13343.419,750,36
2021-04-04 22:04:26.006000,13346.921,13343.499,750,750
2021-04-04 22:04:26.550000,13346.933,13346.289,750,36
2021-04-04 22:04:26.601000,13349.501,13346.109,750,750
2021-04-04 22:04:26.702000,13349.513,13348.049,750,36
2021-04-04 22:04:26.752000,13351.501,13348.059,750,750
2021-04-04 22:04:26.861000,13351.493,13348.959,750,36
2021-04-04 22:04:26.911000,13352.451,13348.969,750,750
2021-04-04 22:04:27.022000,13352.351,13348.917,750,740
2021-04-04 22:04:27.073000,13352.331,13348.809,750,750
2021-04-04 22:04:27.342000,13352.081,13348.907,750,16
2021-04-04 22:04:27.392000,13352.041,13348.599,750,750
2021-04-04 22:04:27.662000,13350.771,13348.597,750,16
2021-04-04 22:04:27.713000,13350.501,13347.219,750,750
2021-04-04 22:04:27.983000,13350.753,13348.089,750,36
2021-04-04 22:04:28.033000,13351.281,13347.819,750,750
2021-04-04 22:04:28.144000,13351.383,13348.419,750,36
2021-04-04 22:04:28.194000,13351.971,13348.449,750,750
2021-04-04 22:04:29.279000,13351.713,13348.759,750,36
2021-04-04 22:04:29.330000,13352.241,13348.759,750,750
2021-04-04 22:04:29.531000,13351.701,13348.787,750,16
2021-04-04 22:04:29.581000,13351.891,13348.509,750,750
2021-04-04 22:04:30.899000,13351.311,13348.497,750,16
2021-04-04 22:04:30.949000,13351.581,13348.039,750,750
2021-04-04 22:04:31.429000,13351.411,13348.297,750,16
2021-04-04 22:04:31.479000,13351.441,13347.959,750,750
2021-04-04 22:04:32.186000,13351.281,13347.997,750,16
2021-04-04 22:04:32.236000,13351.201,13347.769,750,750
2021-04-04 22:04:32.737000,13350.791,13347.807,750,16
2021-04-04 22:04:32.788000,13350.601,13347.329,750,750
2021-04-04 22:04:32.898000,13350.793,13347.799,750,36
2021-04-04 22:04:32.949000,13351.211,13347.789,750,750
2021-04-04 22:04:33.191000,13349.891,13347.807,750,16
2021-04-04 22:04:33.241000,13349.971,13346.699,750,750
2021-04-04 22:04:33.352000,13349.481,13346.447,750,16
2021-04-04 22:04:33.402000,13349.481,13345.959,750,750
2021-04-04 22:04:33.574000,13349.383,13346.019,750,750
2021-04-04 22:04:33.624000,13349.341,13345.899,750,750
2021-04-04 22:04:33.893000,13349.303,13345.999,750,750
2021-04-04 22:04:33.943000,13349.471,13345.919,750,750
2021-04-04 22:04:34.055000,13349.473,13346.929,750,36
2021-04-04 22:04:34.105000,13350.491,13346.949,750,750
2021-04-04 22:04:34.155000,13347.501,13344.049,750,750
2021-04-04 22:04:34.270000,13346.291,13344.027,750,16
2021-04-04 22:04:34.320000,13346.301,13342.839,750,750
2021-04-04 22:04:34.430000,13346.393,13343.599,750,36
2021-04-04 22:04:34.480000,13346.801,13343.319,750,750
2021-04-04 22:04:34.590000,13346.321,13343.597,750,16
2021-04-04 22:04:34.640000,13346.371,13342.849,750,750
2021-04-04 22:04:34.773000,13346.281,13342.867,750,740
2021-04-04 22:04:34.823000,13346.261,13342.989,750,750
2021-04-04 22:04:34.934000,13344.811,13342.737,750,16
2021-04-04 22:04:34.984000,13345.041,13341.799,750,750
2021-04-04 22:04:35.401000,13346.201,13342.779,750,750
2021-04-04 22:04:35.859000,13346.263,13343.359,750,36
2021-04-04 22:04:35.909000,13346.841,13343.319,750,750
2021-04-04 22:04:36.020000,13346.813,13343.889,750,36
2021-04-04 22:04:36.070000,13347.341,13343.909,750,750
2021-04-04 22:04:37.020000,13347.323,13344.249,750,36
2021-04-04 22:04:37.071000,13347.501,13344.219,750,750
2021-04-04 22:04:37.184000,13347.411,13344.267,750,16
2021-04-04 22:04:37.234000,13347.471,13344.189,750,750
2021-04-04 22:04:37.486000,13347.463,13344.529,750,36
2021-04-04 22:04:37.536000,13348.061,13344.539,750,750
2021-04-04 22:04:37.648000,13348.023,13345.099,750,36
2021-04-04 22:04:37.699000,13348.481,13345.089,750,750
2021-04-04 22:04:37.807000,13347.531,13344.089,750,750
2021-04-04 22:04:37.968000,13347.341,13344.057,750,740
2021-04-04 22:04:38.019000,13347.321,13343.809,750,750
2021-04-04 22:04:38.241000,13347.323,13344.519,750,36
2021-04-04 22:04:38.292000,13347.901,13344.509,750,750
2021-04-04 22:04:38.569000,13347.893,13344.619,750,750
2021-04-04 22:04:38.619000,13348.051,13344.609,750,750
2021-04-04 22:04:38.728000,13348.003,13345.589,750,36
2021-04-04 22:04:38.778000,13348.851,13345.319,750,750
2021-04-04 22:04:39.169000,13348.721,13345.347,750,740
2021-04-04 22:04:39.220000,13348.701,13345.309,750,750
2021-04-04 22:04:39.329000,13348.703,13345.399,750,750
2021-04-04 22:04:39.379000,13348.851,13345.329,750,750
2021-04-04 22:04:39.488000,13348.491,13345.337,750,16
2021-04-04 22:04:39.538000,13348.581,13345.069,750,750
2021-04-04 22:04:40.269000,13348.503,13345.919,750,36
2021-04-04 22:04:40.319000,13349.201,13346.189,750,750
2021-04-04 22:04:40.700000,13349.393,13346.039,750,750
2021-04-04 22:04:40.751000,13349.511,13346.099,750,750
2021-04-04 22:04:40.862000,13349.381,13346.087,750,740
2021-04-04 22:04:40.912000,13349.411,13345.909,750,750
2021-04-04 22:04:41.058000,13349.423,13346.079,750,750
2021-04-04 22:04:41.109000,13349.551,13346.059,750,750
2021-04-04 22:04:41.219000,13349.721,13346.219,750,750
2021-04-04 22:04:43.866000,13349.541,13346.217,750,740
2021-04-04 22:04:43.916000,13349.541,13346.089,750,750
2021-04-04 22:04:44.427000,13349.011,13346.067,750,16
2021-04-04 22:04:44.477000,13349.291,13345.749,750,750
2021-04-04 22:04:45.104000,13348.811,13345.987,750,16
2021-04-04 22:04:45.154000,13349.091,13345.789,750,750
2021-04-04 22:04:45.264000,13348.401,13345.537,750,16
2021-04-04 22:04:45.314000,13348.431,13344.939,750,750
2021-04-04 22:04:45.812000,13348.473,13345.609,750,36
2021-04-04 22:04:45.862000,13349.061,13345.799,750,750
2021-04-04 22:04:47.054000,13348.881,13345.537,750,740
2021-04-04 22:04:47.104000,13348.611,13345.319,750,750
2021-04-04 22:04:48.101000,13348.803,13345.849,750,36
2021-04-04 22:04:48.152000,13349.341,13345.879,750,750
2021-04-04 22:04:49.009000,13349.323,13346.039,750,750
2021-04-04 22:04:49.060000,13349.581,13346.019,750,750
2021-04-04 22:04:49.901000,13349.251,13346.097,750,16
2021-04-04 22:04:49.951000,13349.261,13345.769,750,750
2021-04-04 22:04:50.063000,13349.243,13345.969,750,750
2021-04-04 22:04:50.113000,13349.411,13345.999,750,750
2021-04-04 22:04:50.704000,13349.443,13346.039,750,750
2021-04-04 22:04:50.754000,13349.571,13346.039,750,750
2021-04-04 22:04:51.170000,13349.301,13346.087,750,740
2021-04-04 22:04:51.221000,13349.351,13345.909,750,750
2021-04-04 22:04:51.331000,13349.383,13346.369,750,36
2021-04-04 22:04:51.381000,13349.601,13346.329,750,750
2021-04-04 22:04:51.785000,13349.783,13346.549,750,750
2021-04-04 22:04:51.835000,13350.061,13346.599,750,750
2021-04-04 22:04:52.950000,13349.813,13346.809,750,36
2021-04-04 22:04:53.000000,13350.281,13346.709,750,750
2021-04-04 22:04:53.109000,13349.941,13346.727,750,16
2021-04-04 22:04:53.159000,13349.931,13346.499,750,750
2021-04-04 22:04:53.665000,13349.963,13346.599,750,750
2021-04-04 22:04:53.715000,13350.051,13346.509,750,750
2021-04-04 22:04:53.825000,13349.921,13346.567,750,740
2021-04-04 22:04:53.876000,13349.921,13346.419,750,750
2021-04-04 22:04:54.824000,13349.841,13346.457,750,740
2021-04-04 22:04:54.874000,13349.801,13346.349,750,750
2021-04-04 22:04:54.983000,13349.823,13346.539,750,750
2021-04-04 22:04:55.033000,13350.061,13346.579,750,750
2021-04-04 22:04:55.402000,13350.073,13346.869,750,36
2021-04-04 22:04:55.452000,13350.381,13346.909,750,750
2021-04-04 22:04:55.561000,13350.353,13346.929,750,750
2021-04-04 22:04:55.611000,13350.201,13347.199,750,750
2021-04-04 22:04:57.245000,13350.433,13347.089,750,750
2021-04-04 22:04:57.295000,13350.481,13347.059,750,750
2021-04-04 22:04:57.813000,13350.483,13347.469,750,36
2021-04-04 22:04:57.863000,13350.931,13347.479,750,750
2021-04-04 22:04:58.843000,13350.831,13347.497,750,740
2021-04-04 22:04:58.893000,13350.841,13347.359,750,750
2021-04-04 22:04:59.076000,13350.781,13347.377,750,740
2021-04-04 22:04:59.126000,13350.731,13347.279,750,750
2021-04-04 22:05:00.148000,13350.561,13347.277,750,740
2021-04-04 22:05:00.198000,13350.491,13347.109,750,750
2021-04-04 22:05:00.311000,13350.351,13347.087,750,740
2021-04-04 22:05:00.361000,13350.361,13346.909,750,750
2021-04-04 22:05:00.470000,13350.103,13346.999,750,750
2021-04-04 22:05:00.520000,13350.401,13346.999,750,750
2021-04-04 22:05:00.685000,13350.181,13347.017,750,16
2021-04-04 22:05:00.735000,13350.231,13346.729,750,750
2021-04-04 22:05:00.879000,13350.021,13346.817,750,16
2021-04-04 22:05:00.929000,13350.031,13346.509,750,750
2021-04-04 22:05:01.213000,13349.603,13346.569,750,750
2021-04-04 22:05:01.264000,13349.831,13346.409,750,750
2021-04-04 22:05:02.198000,13349.791,13346.309,750,750
2021-04-04 22:05:05.649000,13349.773,13346.309,750,750
2021-04-04 22:05:05.699000,13349.881,13346.349,750,750
2021-04-04 22:05:05.995000,13349.873,13347.309,750,36
2021-04-04 22:05:06.046000,13350.781,13347.319,750,750
2021-04-04 22:05:06.687000,13350.551,13347.317,750,16
2021-04-04 22:05:06.737000,13350.531,13347.109,750,750
2021-04-04 22:05:06.847000,13350.551,13347.237,750,740
2021-04-04 22:05:06.897000,13350.751,13347.249,750,750
2021-04-04 22:05:07.006000,13350.471,13347.237,750,16
2021-04-04 22:05:07.056000,13350.461,13346.949,750,750
2021-04-04 22:05:07.488000,13350.453,13347.019,750,750
2021-04-04 22:05:07.538000,13350.561,13347.019,750,750
2021-04-04 22:05:07.935000,13350.303,13347.539,750,36
2021-04-04 22:05:07.986000,13351.061,13347.579,750,750
2021-04-04 22:05:08.096000,13350.873,13347.589,750,750
2021-04-04 22:05:08.147000,13350.781,13347.589,750,750
2021-04-04 22:05:08.321000,13350.803,13347.439,750,750
2021-04-04 22:05:08.372000,13350.921,13347.449,750,750
2021-04-04 22:05:08.483000,13350.903,13347.759,750,36
2021-04-04 22:05:08.534000,13351.271,13347.739,750,750
2021-04-04 22:05:09.347000,13351.003,13347.859,750,750
2021-04-04 22:05:09.397000,13351.281,13347.899,750,750
2021-04-04 22:05:09.508000,13350.691,13347.887,750,16
2021-04-04 22:05:09.558000,13350.761,13347.289,750,750
2021-04-04 22:05:10.052000,13350.783,13347.519,750,36
2021-04-04 22:05:10.103000,13350.901,13347.519,750,750
2021-04-04 22:05:10.214000,13351.061,13347.559,750,750
2021-04-04 22:05:10.530000,13350.961,13347.587,750,740
2021-04-04 22:05:10.580000,13350.891,13347.519,750,750
2021-04-04 22:05:10.689000,13350.913,13348.189,750,36
2021-04-04 22:05:10.740000,13351.381,13348.009,750,750
2021-04-04 22:05:11.717000,13351.443,13348.109,750,750
2021-04-04 22:05:11.767000,13351.551,13348.109,750,750
2021-04-04 22:05:12.038000,13351.563,13348.239,750,750
2021-04-04 22:05:12.088000,13351.751,13348.219,750,750
2021-04-04 22:05:12.700000,13351.763,13348.569,750,36
2021-04-04 22:05:12.750000,13352.001,13348.549,750,750
2021-04-04 22:05:13.047000,13352.073,13348.719,750,750
2021-04-04 22:05:13.097000,13352.251,13348.809,750,750
2021-04-04 22:05:13.206000,13352.253,13348.919,750,750
2021-04-04 22:05:13.256000,13352.341,13348.889,750,750
2021-04-04 22:05:13.368000,13352.383,13349.219,750,36
2021-04-04 22:05:13.418000,13352.721,13349.309,750,750
2021-04-04 22:05:13.840000,13352.581,13349.267,750,740
2021-04-04 22:05:13.890000,13352.551,13349.289,750,750
2021-04-04 22:05:14.000000,13352.303,13349.229,750,750
2021-04-04 22:05:14.050000,13352.781,13349.239,750,750
2021-04-04 22:05:14.160000,13352.301,13349.099,750,750
2021-04-04 22:05:14.609000,13352.303,13349.239,750,750
2021-04-04 22:05:14.659000,13352.691,13349.299,750,750
2021-04-04 22:05:14.926000,13352.051,13349.227,750,16
2021-04-04 22:05:14.977000,13352.041,13348.539,750,750
2021-04-04 22:05:15.247000,13351.741,13348.787,750,16
2021-04-04 22:05:15.298000,13351.731,13348.269,750,750
2021-04-04 22:05:15.407000,13351.561,13348.237,750,740
2021-04-04 22:05:15.457000,13351.491,13348.069,750,750
2021-04-04 22:05:15.673000,13351.563,13348.319,750,36
2021-04-04 22:05:15.723000,13351.741,13348.229,750,750
2021-04-04 22:05:17.385000,13351.703,13348.449,750,750
2021-04-04 22:05:17.435000,13351.981,13348.509,750,750
2021-04-04 22:05:17.546000,13351.341,13348.477,750,16
2021-04-04 22:05:17.596000,13351.351,13347.869,750,750
2021-04-04 22:05:18.519000,13351.383,13348.079,750,750
2021-04-04 22:05:18.570000,13351.501,13348.069,750,750
2021-04-04 22:05:19.186000,13351.311,13348.077,750,740
2021-04-04 22:05:19.236000,13351.361,13347.919,750,750
2021-04-04 22:05:20.093000,13351.383,13347.969,750,750
2021-04-04 22:05:20.144000,13351.471,13347.939,750,750
2021-04-04 22:05:20.366000,13351.341,13347.957,750,740
2021-04-04 22:05:20.417000,13351.341,13347.849,750,750
2021-04-04 22:05:20.658000,13351.013,13347.839,750,750
2021-04-04 22:05:20.708000,13348.331,13344.909,750,750
2021-04-04 22:05:20.844000,13347.961,13344.887,750,16
2021-04-04 22:05:20.894000,13347.911,13344.439,750,750
2021-04-04 22:05:21.003000,13347.781,13344.517,750,16
2021-04-04 22:05:21.054000,13347.511,13344.219,750,750
2021-04-04 22:05:21.172000,13347.783,13344.389,750,750
2021-04-04 22:05:21.223000,13347.841,13344.339,750,750
2021-04-04 22:05:21.322000,13347.331,13344.377,750,16
2021-04-04 22:05:21.372000,13347.381,13343.899,750,750
2021-04-04 22:05:21.734000,13347.321,13344.417,750,16
2021-04-04 22:05:21.784000,13347.951,13344.509,750,750
2021-04-04 22:05:21.944000,13347.953,13344.539,750,750
2021-04-04 22:05:21.995000,13348.041,13344.529,750,750
2021-04-04 22:05:22.104000,13347.991,13344.507,750,740
2021-04-04 22:05:22.154000,13347.891,13344.519,750,750
2021-04-04 22:05:22.370000,13347.861,13344.427,750,740
2021-04-04 22:05:22.421000,13347.791,13344.409,750,750
2021-04-04 22:05:22.531000,13347.391,13344.387,750,16
2021-04-04 22:05:22.582000,13347.291,13343.869,750,750
2021-04-04 22:05:22.691000,13347.333,13344.059,750,750
2021-04-04 22:05:22.742000,13347.551,13344.029,750,750
2021-04-04 22:05:22.850000,13347.583,13344.349,750,36
2021-04-04 22:05:22.900000,13347.601,13344.399,750,750
2021-04-04 22:05:23.013000,13347.323,13344.329,750,36
2021-04-04 22:05:23.063000,13347.321,13343.869,750,750
2021-04-04 22:05:23.417000,13347.221,13343.897,750,740
2021-04-04 22:05:23.467000,13347.291,13343.999,750,750
2021-04-04 22:05:23.579000,13347.293,13344.019,750,36
2021-04-04 22:05:23.629000,13347.521,13344.109,750,750
2021-04-04 22:05:23.933000,13347.593,13344.359,750,36
2021-04-04 22:05:23.983000,13347.881,13344.589,750,750
2021-04-04 22:05:24.097000,13347.111,13344.337,750,16
2021-04-04 22:05:24.148000,13347.381,13343.809,750,750
2021-04-04 22:05:24.520000,13347.181,13343.817,750,740
2021-04-04 22:05:24.571000,13347.211,13343.759,750,750
2021-04-04 22:05:24.681000,13346.971,13343.807,750,16
2021-04-04 22:05:24.731000,13346.971,13343.449,750,750
2021-04-04 22:05:24.841000,13346.301,13343.697,750,16
2021-04-04 22:05:24.891000,13346.331,13342.809,750,750
2021-04-04 22:05:24.999000,13346.041,13342.857,750,16
2021-04-04 22:05:25.050000,13346.001,13342.569,750,750
2021-04-04 22:05:25.523000,13345.951,13342.537,750,740
2021-04-04 22:05:25.574000,13345.961,13342.459,750,750
2021-04-04 22:05:25.842000,13345.893,13342.969,750,36
2021-04-04 22:05:25.893000,13346.401,13342.969,750,750
2021-04-04 22:05:26.003000,13346.433,13344.089,750,36
2021-04-04 22:05:26.053000,13347.321,13343.859,750,750
2021-04-04 22:05:26.576000,13347.321,13344.697,750,16
2021-04-04 22:05:26.626000,13347.711,13344.469,750,750
2021-04-04 22:05:26.895000,13347.953,13345.289,750,36
2021-04-04 22:05:26.946000,13348.501,13345.049,750,750
2021-04-04 22:05:27.441000,13348.493,13345.499,750,36
2021-04-04 22:05:27.492000,13348.711,13345.229,750,750
2021-04-04 22:05:27.603000,13348.763,13346.939,750,36
2021-04-04 22:05:27.653000,13350.381,13346.979,750,750
2021-04-04 22:05:27.765000,13350.001,13346.917,750,16
2021-04-04 22:05:27.815000,13350.041,13346.529,750,750
2021-04-04 22:05:28.286000,13349.801,13346.797,750,16
2021-04-04 22:05:28.337000,13349.851,13346.369,750,750
2021-04-04 22:05:29.012000,13349.691,13346.367,750,740
2021-04-04 22:05:29.062000,13349.741,13346.279,750,750
2021-04-04 22:05:29.298000,13349.513,13346.429,750,750
2021-04-04 22:05:29.349000,13349.991,13346.489,750,750
