2021-04-09 00:00:00.181000,1.19155,1.19151,1500000,4460000
2021-04-09 00:00:00.282000,1.19154,1.19151,750000,4460000
2021-04-09 00:00:00.586000,1.19155,1.19152,1500000,1390000
2021-04-09 00:00:01.483000,1.19155,1.19151,750000,5210000
2021-04-09 00:00:04.674000,1.19154,1.19151,750000,1460000
2021-04-09 00:00:08.708000,1.19155,1.19151,2250000,4760000
2021-04-09 00:00:08.860000,1.19155,1.19152,2250000,370000
2021-04-09 00:00:09.399000,1.19155,1.19151,2250000,4760000
2021-04-09 00:00:18.567000,1.19154,1.1915,1500000,1270000
2021-04-09 00:00:24.684000,1.19155,1.19151,5320000,750000
2021-04-09 00:00:29.789000,1.19153,1.1915,750000,1270000
2021-04-09 00:00:32.988000,1.19155,1.19151,4570000,750000
2021-04-09 00:00:34.415000,1.19153,1.1915,750000,900000
2021-04-09 00:00:37.494000,1.19155,1.19151,4570000,750000
2021-04-09 00:00:37.544000,1.19153,1.1915,750000,900000
2021-04-09 00:00:40.572000,1.19155,1.19151,4570000,750000
2021-04-09 00:00:43.545000,1.19152,1.1915,750000,12110000
2021-04-09 00:00:43.777000,1.19155,1.19152,1500000,820000
2021-04-09 00:00:43.878000,1.19156,1.19153,750000,4570000
2021-04-09 00:00:43.980000,1.19156,1.19154,750000,100000
2021-04-09 00:00:44.267000,1.19155,1.19153,750000,450000
2021-04-09 00:00:44.427000,1.19155,1.19152,750000,820000
2021-04-09 00:00:47.313000,1.19153,1.19151,750000,3710000
2021-04-09 00:00:50.364000,1.19155,1.19152,750000,900000
2021-04-09 00:00:59.010000,1.19154,1.19152,750000,750000
2021-04-09 00:01:00.929000,1.19153,1.19151,750000,820000
2021-04-09 00:01:01.791000,1.19153,1.1915,750000,4090000
2021-04-09 00:01:02.045000,1.19153,1.19151,750000,820000
2021-04-09 00:01:02.213000,1.19153,1.1915,750000,4090000
2021-04-09 00:01:02.579000,1.19153,1.19151,750000,820000
2021-04-09 00:01:03.513000,1.19153,1.1915,750000,3900000
2021-04-09 00:01:04.706000,1.19153,1.19151,750000,820000
2021-04-09 00:01:07.810000,1.19154,1.19152,750000,750000
2021-04-09 00:01:07.977000,1.19153,1.19152,750000,750000
2021-04-09 00:01:08.129000,1.19154,1.19152,750000,820000
2021-04-09 00:01:15.976000,1.19154,1.19151,750000,1950000
2021-04-09 00:01:16.330000,1.19154,1.1915,1500000,450000
2021-04-09 00:01:16.432000,1.19154,1.19149,1500000,11360000
2021-04-09 00:01:16.535000,1.19152,1.19149,750000,820000
2021-04-09 00:01:26.976000,1.19153,1.19149,1500000,1760000
2021-04-09 00:01:27.078000,1.19153,1.1915,1500000,750000
2021-04-09 00:01:29.776000,1.19153,1.19151,750000,370000
2021-04-09 00:01:33.246000,1.19155,1.19151,1500000,1200000
2021-04-09 00:01:33.349000,1.19154,1.19151,750000,1200000
2021-04-09 00:01:38.310000,1.19154,1.19152,1500000,5470000
2021-04-09 00:01:38.361000,1.19155,1.19153,2320000,750000
2021-04-09 00:01:38.513000,1.19155,1.19152,1500000,100000
2021-04-09 00:01:38.665000,1.19155,1.19151,1500000,4840000
2021-04-09 00:01:38.934000,1.19155,1.19152,750000,5140000
2021-04-09 00:01:39.035000,1.19156,1.19152,1500000,5140000
2021-04-09 00:01:39.934000,1.19156,1.19153,1500000,370000
2021-04-09 00:01:49.929000,1.19155,1.19153,1500000,370000
2021-04-09 00:01:50.032000,1.19155,1.19151,1500000,900000
2021-04-09 00:01:57.763000,1.19155,1.1915,4650000,2510000
2021-04-09 00:02:00.206000,1.19152,1.1915,2440000,1950000
2021-04-09 00:02:00.308000,1.19151,1.19148,1570000,100000
2021-04-09 00:02:00.410000,1.1915,1.19146,1500000,100000
2021-04-09 00:02:00.512000,1.1915,1.19145,1570000,5590000
2021-04-09 00:02:02.732000,1.19146,1.19143,750000,1200000
2021-04-09 00:02:02.986000,1.19146,1.19142,1760000,750000
2021-04-09 00:02:03.859000,1.19146,1.19141,7090000,1570000
2021-04-09 00:02:03.960000,1.19145,1.19141,750000,1570000
2021-04-09 00:02:05.590000,1.19144,1.19141,1310000,1500000
2021-04-09 00:02:05.691000,1.19144,1.1914,2320000,750000
2021-04-09 00:02:06.046000,1.19145,1.19141,5400000,370000
2021-04-09 00:02:06.249000,1.19143,1.19141,750000,370000
2021-04-09 00:02:06.351000,1.19144,1.1914,820000,1570000
2021-04-09 00:02:06.453000,1.19144,1.19141,100000,370000
2021-04-09 00:02:06.606000,1.19145,1.19141,2510000,370000
2021-04-09 00:02:06.867000,1.19145,1.1914,2510000,1840000
2021-04-09 00:02:07.216000,1.19143,1.19141,100000,1690000
2021-04-09 00:02:08.893000,1.19145,1.1914,2590000,2510000
2021-04-09 00:02:09.865000,1.19145,1.19141,1760000,370000
2021-04-09 00:02:13.927000,1.19144,1.19141,750000,750000
2021-04-09 00:02:15.258000,1.19142,1.19139,750000,2250000
2021-04-09 00:02:15.360000,1.19144,1.19139,1650000,4950000
2021-04-09 00:02:16.966000,1.19144,1.19141,820000,750000
2021-04-09 00:02:17.067000,1.19146,1.19142,450000,3070000
2021-04-09 00:02:17.170000,1.19146,1.19143,100000,6070000
2021-04-09 00:02:17.221000,1.19148,1.19143,1570000,6070000
2021-04-09 00:02:17.322000,1.19149,1.19145,820000,750000
2021-04-09 00:02:23.451000,1.19148,1.19145,750000,750000
2021-04-09 00:02:24.261000,1.19146,1.19145,750000,1500000
2021-04-09 00:02:24.313000,1.19146,1.19142,2250000,750000
2021-04-09 00:02:24.515000,1.19147,1.19144,100000,1500000
2021-04-09 00:02:24.617000,1.19147,1.19145,100000,1500000
2021-04-09 00:02:24.668000,1.1915,1.19145,7090000,1500000
2021-04-09 00:02:25.959000,1.19151,1.19147,1950000,2620000
2021-04-09 00:02:26.112000,1.19151,1.19148,1200000,750000
2021-04-09 00:02:26.214000,1.19151,1.19146,1500000,6710000
2021-04-09 00:02:26.316000,1.19151,1.19147,1500000,3000000
2021-04-09 00:02:26.418000,1.19151,1.19146,1500000,6260000
2021-04-09 00:02:26.672000,1.19151,1.19148,100000,750000
2021-04-09 00:02:26.773000,1.19152,1.19148,2400000,750000
2021-04-09 00:02:26.875000,1.1915,1.19148,750000,750000
2021-04-09 00:02:26.976000,1.1915,1.19148,1500000,4950000
2021-04-09 00:02:27.179000,1.19152,1.19147,1650000,6260000
2021-04-09 00:02:27.937000,1.19152,1.19149,820000,750000
2021-04-09 00:02:31.741000,1.19153,1.19152,260000,750000
2021-04-09 00:02:31.996000,1.19155,1.19151,1010000,750000
2021-04-09 00:02:32.271000,1.19154,1.19152,1090000,750000
2021-04-09 00:02:34.508000,1.19156,1.19154,450000,750000
2021-04-09 00:02:34.611000,1.19156,1.19153,100000,750000
2021-04-09 00:02:34.663000,1.19158,1.19156,180000,750000
2021-04-09 00:02:34.764000,1.19159,1.19157,100000,750000
2021-04-09 00:02:34.866000,1.19162,1.19158,1000000,750000
2021-04-09 00:02:34.967000,1.19163,1.19159,4840000,750000
2021-04-09 00:02:35.069000,1.19163,1.19161,1650000,1500000
2021-04-09 00:02:35.171000,1.19164,1.19161,820000,750000
2021-04-09 00:02:35.272000,1.19165,1.19161,750000,1870000
2021-04-09 00:02:35.374000,1.19166,1.19162,820000,750000
2021-04-09 00:02:37.073000,1.19164,1.1916,2140000,100000
2021-04-09 00:02:37.175000,1.19164,1.19161,1010000,750000
2021-04-09 00:02:37.276000,1.19162,1.19161,750000,1500000
2021-04-09 00:02:37.327000,1.19165,1.19161,1720000,750000
2021-04-09 00:02:38.995000,1.19168,1.19164,6940000,750000
2021-04-09 00:02:39.199000,1.19167,1.19164,100000,750000
2021-04-09 00:02:39.661000,1.19168,1.19164,4840000,750000
2021-04-09 00:02:39.763000,1.19167,1.19164,750000,750000
2021-04-09 00:02:39.940000,1.19167,1.19165,750000,750000
2021-04-09 00:02:40.759000,1.19166,1.19163,750000,750000
2021-04-09 00:02:42.527000,1.19165,1.19162,750000,750000
2021-04-09 00:02:43.904000,1.19163,1.19159,1570000,820000
2021-04-09 00:02:44.056000,1.19164,1.19161,1840000,750000
2021-04-09 00:02:44.512000,1.19165,1.19161,260000,1500000
2021-04-09 00:02:44.613000,1.19165,1.19162,190000,750000
2021-04-09 00:02:48.045000,1.19166,1.19162,900000,750000
2021-04-09 00:02:48.417000,1.19168,1.19163,4460000,1500000
2021-04-09 00:02:48.518000,1.19168,1.19164,2590000,750000
2021-04-09 00:02:58.165000,1.19166,1.19162,100000,1500000
2021-04-09 00:02:58.319000,1.19165,1.19162,100000,750000
2021-04-09 00:02:58.421000,1.19165,1.19161,2020000,750000
2021-04-09 00:02:58.522000,1.19164,1.19161,150000,750000
2021-04-09 00:02:58.732000,1.19165,1.19161,1650000,750000
2021-04-09 00:03:03.391000,1.19165,1.19162,150000,750000
2021-04-09 00:03:07.504000,1.19166,1.19162,3640000,750000
2021-04-09 00:03:17.738000,1.19164,1.19161,450000,750000
2021-04-09 00:03:17.890000,1.19163,1.1916,1500000,1500000
2021-04-09 00:03:33.473000,1.19161,1.1916,750000,1500000
2021-04-09 00:03:33.524000,1.19161,1.19158,100000,750000
2021-04-09 00:03:39.911000,1.19161,1.19157,1270000,1500000
2021-04-09 00:03:44.143000,1.19161,1.19158,100000,1500000
2021-04-09 00:03:44.244000,1.19162,1.19158,100000,1500000
2021-04-09 00:03:44.295000,1.19163,1.1916,1010000,750000
2021-04-09 00:03:45.409000,1.19163,1.19159,2510000,1500000
2021-04-09 00:03:45.510000,1.1916,1.19158,190000,820000
2021-04-09 00:03:45.612000,1.1916,1.19157,190000,1500000
2021-04-09 00:03:46.174000,1.19161,1.19157,1010000,1500000
2021-04-09 00:03:46.850000,1.1916,1.19157,3000000,1500000
2021-04-09 00:03:47.280000,1.19161,1.19157,4090000,1500000
2021-04-09 00:03:50.188000,1.1916,1.19157,3000000,1500000
2021-04-09 00:03:50.290000,1.19161,1.19157,1460000,1500000
2021-04-09 00:03:51.117000,1.1916,1.19157,3000000,1500000
2021-04-09 00:03:52.214000,1.19161,1.19157,1460000,1500000
2021-04-09 00:03:54.327000,1.1916,1.19157,3000000,1500000
2021-04-09 00:04:00.191000,1.19161,1.19157,2210000,1500000
2021-04-09 00:04:20.698000,1.19162,1.1916,4350000,750000
2021-04-09 00:04:20.800000,1.19164,1.19161,820000,750000
2021-04-09 00:04:20.902000,1.19165,1.19161,3820000,750000
2021-04-09 00:04:22.483000,1.19165,1.19163,820000,750000
2021-04-09 00:04:23.347000,1.19167,1.19165,820000,750000
2021-04-09 00:04:23.449000,1.19168,1.19165,820000,750000
2021-04-09 00:04:23.551000,1.19169,1.19167,820000,750000
2021-04-09 00:04:23.602000,1.19171,1.19167,6640000,750000
2021-04-09 00:04:23.704000,1.19171,1.19168,2510000,750000
2021-04-09 00:04:26.054000,1.19172,1.19168,2320000,1500000
2021-04-09 00:04:26.358000,1.19171,1.19168,100000,1500000
2021-04-09 00:04:35.065000,1.19171,1.19167,1650000,750000
2021-04-09 00:04:35.219000,1.1917,1.19167,1570000,750000
2021-04-09 00:04:35.270000,1.19166,1.19163,3000000,1870000
2021-04-09 00:04:36.136000,1.19165,1.19163,100000,750000
2021-04-09 00:04:38.535000,1.19165,1.19161,3070000,750000
2021-04-09 00:04:40.545000,1.19165,1.19162,3070000,750000
2021-04-09 00:04:45.517000,1.19165,1.19161,4840000,1500000
2021-04-09 00:04:45.670000,1.19165,1.19163,100000,750000
2021-04-09 00:04:45.772000,1.19167,1.19163,1650000,750000
2021-04-09 00:04:45.975000,1.19168,1.19163,5590000,1500000
2021-04-09 00:04:46.086000,1.19167,1.19163,750000,1500000
2021-04-09 00:04:46.937000,1.19168,1.19163,5590000,1500000
2021-04-09 00:04:49.496000,1.19168,1.19164,5590000,750000
2021-04-09 00:04:51.336000,1.19167,1.19166,750000,750000
2021-04-09 00:04:51.439000,1.19169,1.19166,820000,750000
2021-04-09 00:04:51.541000,1.19169,1.19167,750000,750000
2021-04-09 00:04:54.086000,1.1917,1.19167,190000,750000
2021-04-09 00:04:54.187000,1.19172,1.19168,6340000,750000
2021-04-09 00:04:54.668000,1.19172,1.19167,6710000,1500000
2021-04-09 00:04:56.994000,1.19171,1.19167,100000,1500000
2021-04-09 00:05:01.988000,1.1917,1.19167,750000,750000
2021-04-09 00:05:08.519000,1.19172,1.19169,4570000,750000
2021-04-09 00:05:15.884000,1.19173,1.1917,750000,750000
2021-04-09 00:05:15.986000,1.19175,1.19171,5510000,1500000
2021-04-09 00:05:16.037000,1.19176,1.19173,1570000,750000
2021-04-09 00:05:16.138000,1.19177,1.19174,940000,750000
2021-04-09 00:05:16.341000,1.19179,1.19176,4570000,750000
2021-04-09 00:05:19.686000,1.19179,1.19177,1570000,750000
2021-04-09 00:05:22.022000,1.19179,1.19176,750000,750000
2021-04-09 00:05:22.073000,1.19181,1.19179,4760000,750000
2021-04-09 00:05:22.175000,1.19184,1.1918,5210000,750000
2021-04-09 00:05:22.328000,1.19183,1.1918,750000,1500000
2021-04-09 00:05:22.430000,1.19183,1.19179,750000,1570000
2021-04-09 00:05:25.789000,1.19184,1.19181,940000,750000
2021-04-09 00:05:27.825000,1.19184,1.19182,2890000,750000
2021-04-09 00:05:31.172000,1.19183,1.19179,1570000,1570000
2021-04-09 00:05:31.375000,1.19182,1.19177,3640000,1570000
2021-04-09 00:05:31.477000,1.19181,1.19177,260000,1570000
2021-04-09 00:05:32.563000,1.1918,1.19177,190000,750000
2021-04-09 00:05:39.760000,1.1918,1.19176,1760000,1500000
2021-04-09 00:05:40.300000,1.19179,1.19176,750000,1500000
2021-04-09 00:05:40.501000,1.1918,1.19176,1010000,1500000
2021-04-09 00:05:46.913000,1.1918,1.19177,3190000,750000
2021-04-09 00:05:52.826000,1.19178,1.19175,1690000,1120000
2021-04-09 00:05:58.609000,1.19179,1.19176,3940000,750000
2021-04-09 00:06:01.696000,1.19182,1.1918,1120000,750000
2021-04-09 00:06:01.798000,1.19184,1.1918,340000,1500000
2021-04-09 00:06:01.899000,1.19185,1.19181,9260000,750000
2021-04-09 00:06:02.102000,1.19186,1.19181,5890000,1500000
2021-04-09 00:06:03.409000,1.19185,1.19181,3000000,1870000
2021-04-09 00:06:03.511000,1.19185,1.19182,3750000,750000
2021-04-09 00:06:03.614000,1.19186,1.19182,2140000,750000
2021-04-09 00:06:03.847000,1.19185,1.19182,3000000,750000
2021-04-09 00:06:05.715000,1.19186,1.19182,2060000,750000
2021-04-09 00:06:13.040000,1.19185,1.19184,1500000,1570000
2021-04-09 00:06:13.091000,1.19187,1.19185,100000,1500000
2021-04-09 00:06:13.142000,1.19189,1.19186,2510000,1500000
2021-04-09 00:06:13.243000,1.1919,1.19188,7760000,1500000
2021-04-09 00:06:14.123000,1.1919,1.19187,1090000,750000
2021-04-09 00:06:14.622000,1.1919,1.19186,340000,1500000
2021-04-09 00:06:15.109000,1.19188,1.19186,1500000,750000
2021-04-09 00:06:15.160000,1.19187,1.19183,1500000,1570000
2021-04-09 00:06:15.312000,1.19186,1.19183,190000,750000
2021-04-09 00:06:15.413000,1.19186,1.19182,940000,1500000
2021-04-09 00:06:17.177000,1.19186,1.19181,3410000,1500000
2021-04-09 00:06:28.933000,1.19185,1.19181,750000,1500000
2021-04-09 00:06:29.137000,1.19183,1.19182,100000,750000
2021-04-09 00:06:29.584000,1.19185,1.19181,4390000,750000
2021-04-09 00:06:30.261000,1.19182,1.19178,2810000,820000
2021-04-09 00:06:30.363000,1.19181,1.19178,190000,820000
2021-04-09 00:06:30.517000,1.1918,1.19176,750000,750000
2021-04-09 00:06:30.669000,1.19178,1.19174,4690000,1570000
2021-04-09 00:06:32.272000,1.19176,1.19172,190000,1500000
2021-04-09 00:06:40.771000,1.19177,1.19174,4010000,750000
2021-04-09 00:06:40.974000,1.19178,1.19174,260000,1500000
2021-04-09 00:06:44.137000,1.19178,1.19175,190000,1500000
2021-04-09 00:06:44.238000,1.19179,1.19175,190000,1500000
2021-04-09 00:06:44.340000,1.19179,1.19176,190000,750000
2021-04-09 00:06:47.010000,1.1918,1.19176,4010000,750000
2021-04-09 00:06:52.272000,1.19179,1.19175,100000,1500000
2021-04-09 00:06:54.910000,1.19178,1.19174,1010000,4570000
2021-04-09 00:06:56.139000,1.19179,1.19175,260000,1500000
2021-04-09 00:06:59.723000,1.1918,1.19175,2510000,1570000
2021-04-09 00:06:59.824000,1.1918,1.19176,1760000,750000
2021-04-09 00:07:01.129000,1.1918,1.19177,1010000,750000
2021-04-09 00:07:01.231000,1.19182,1.1918,1500000,750000
2021-04-09 00:07:01.282000,1.19184,1.19181,1690000,750000
2021-04-09 00:07:01.384000,1.19185,1.19181,260000,1500000
2021-04-09 00:07:01.435000,1.19186,1.19184,940000,1500000
2021-04-09 00:07:01.486000,1.19188,1.19185,820000,1500000
2021-04-09 00:07:01.588000,1.1919,1.19186,260000,1500000
2021-04-09 00:07:07.058000,1.19191,1.19186,2320000,1570000
2021-04-09 00:07:07.109000,1.19192,1.1919,5660000,1500000
2021-04-09 00:07:07.261000,1.19192,1.19188,2140000,750000
2021-04-09 00:07:08.255000,1.19191,1.19188,100000,750000
2021-04-09 00:07:08.471000,1.19193,1.1919,4540000,750000
2021-04-09 00:07:08.572000,1.19194,1.19191,3070000,750000
2021-04-09 00:07:08.674000,1.19195,1.19191,1390000,750000
2021-04-09 00:07:16.165000,1.19191,1.19189,1970000,3070000
2021-04-09 00:07:16.318000,1.19191,1.19188,100000,750000
2021-04-09 00:07:19.496000,1.19191,1.19187,100000,1500000
2021-04-09 00:07:29.271000,1.1919,1.19187,100000,1500000
2021-04-09 00:07:29.372000,1.19189,1.19186,260000,750000
2021-04-09 00:07:29.525000,1.19188,1.19185,260000,750000
2021-04-09 00:07:31.165000,1.19186,1.19184,100000,750000
2021-04-09 00:07:31.216000,1.19186,1.19182,260000,1570000
2021-04-09 00:07:31.317000,1.19185,1.19182,190000,820000
2021-04-09 00:07:31.574000,1.19185,1.19181,940000,1570000
2021-04-09 00:07:33.111000,1.19185,1.19182,1010000,750000
2021-04-09 00:07:37.233000,1.19185,1.19181,4760000,750000
2021-04-09 00:07:37.521000,1.19185,1.19182,4010000,750000
2021-04-09 00:07:38.971000,1.19184,1.19181,260000,750000
2021-04-09 00:07:39.073000,1.19183,1.1918,100000,750000
2021-04-09 00:07:39.225000,1.19183,1.19179,100000,1500000
2021-04-09 00:07:41.963000,1.19181,1.19179,100000,100000
2021-04-09 00:07:42.065000,1.1918,1.19178,4390000,750000
2021-04-09 00:07:42.267000,1.1918,1.19177,190000,750000
2021-04-09 00:07:49.547000,1.19179,1.19176,1390000,1500000
2021-04-09 00:07:52.167000,1.19178,1.19174,1570000,1500000
2021-04-09 00:08:00.635000,1.19177,1.19174,190000,1500000
2021-04-09 00:08:00.686000,1.19177,1.19172,4010000,2320000
2021-04-09 00:08:00.788000,1.19176,1.19172,260000,1570000
2021-04-09 00:08:09.737000,1.19178,1.19176,750000,750000
2021-04-09 00:08:09.839000,1.19179,1.19176,1010000,1500000
2021-04-09 00:08:23.343000,1.19179,1.19175,260000,1870000
2021-04-09 00:08:25.789000,1.19177,1.19175,100000,1120000
2021-04-09 00:08:25.891000,1.19177,1.19174,100000,1500000
2021-04-09 00:08:26.311000,1.19178,1.19174,6260000,1500000
2021-04-09 00:08:35.745000,1.19177,1.19174,100000,750000
2021-04-09 00:08:38.769000,1.19177,1.19173,100000,1500000
2021-04-09 00:08:42.519000,1.19178,1.19175,100000,1500000
2021-04-09 00:08:42.621000,1.19179,1.19175,1010000,1500000
2021-04-09 00:08:43.909000,1.19179,1.19176,260000,750000
2021-04-09 00:08:48.668000,1.1918,1.19177,260000,750000
2021-04-09 00:08:48.770000,1.19181,1.19179,260000,750000
2021-04-09 00:08:49.175000,1.19183,1.19182,2510000,1500000
2021-04-09 00:08:49.277000,1.19184,1.19181,4420000,1500000
2021-04-09 00:08:49.530000,1.19186,1.19183,100000,1500000
2021-04-09 00:08:49.683000,1.19186,1.19182,1010000,1200000
2021-04-09 00:09:00.330000,1.19185,1.19181,4090000,1950000
2021-04-09 00:09:00.432000,1.19183,1.1918,1010000,750000
2021-04-09 00:09:01.252000,1.19182,1.19179,3000000,1500000
2021-04-09 00:09:07.431000,1.19183,1.19181,4760000,1500000
2021-04-09 00:09:07.583000,1.19185,1.19181,5890000,750000
2021-04-09 00:09:09.267000,1.19186,1.19181,2890000,1950000
2021-04-09 00:09:09.369000,1.19186,1.19182,100000,1500000
2021-04-09 00:09:09.521000,1.19187,1.19182,5140000,2320000
2021-04-09 00:09:14.174000,1.19186,1.19182,190000,1500000
2021-04-09 00:09:14.275000,1.19187,1.19182,4390000,1870000
2021-04-09 00:09:14.676000,1.19186,1.19184,750000,750000
2021-04-09 00:09:14.778000,1.19188,1.19184,1010000,1500000
2021-04-09 00:09:16.349000,1.1919,1.19186,5510000,750000
2021-04-09 00:09:18.603000,1.19191,1.19186,5510000,1570000
2021-04-09 00:09:19.576000,1.1919,1.19186,260000,1500000
2021-04-09 00:09:20.848000,1.19189,1.19185,260000,1570000
2021-04-09 00:09:24.067000,1.19189,1.19186,190000,750000
2021-04-09 00:09:30.585000,1.19189,1.19187,190000,750000
2021-04-09 00:09:32.739000,1.19187,1.19186,940000,820000
2021-04-09 00:09:32.791000,1.19186,1.19185,6640000,100000
2021-04-09 00:09:32.892000,1.19186,1.19184,260000,100000
2021-04-09 00:09:32.994000,1.19186,1.19183,260000,750000
2021-04-09 00:09:33.095000,1.19186,1.19182,1010000,1500000
2021-04-09 00:09:34.142000,1.19185,1.19182,190000,1500000
2021-04-09 00:09:36.622000,1.19183,1.19181,100000,750000
2021-04-09 00:09:36.724000,1.19181,1.1918,190000,2700000
2021-04-09 00:09:36.825000,1.19182,1.19179,190000,1500000
2021-04-09 00:09:38.164000,1.19181,1.19179,190000,750000
2021-04-09 00:09:38.265000,1.1918,1.19178,190000,750000
2021-04-09 00:09:38.417000,1.19181,1.19178,5400000,750000
2021-04-09 00:09:38.519000,1.19179,1.19176,5440000,820000
2021-04-09 00:09:38.620000,1.19179,1.19175,2510000,1500000
2021-04-09 00:09:41.352000,1.19178,1.19175,2510000,750000
2021-04-09 00:09:47.500000,1.19179,1.19176,1500000,750000
2021-04-09 00:09:47.602000,1.1918,1.19176,940000,1500000
2021-04-09 00:09:52.503000,1.1918,1.19177,750000,750000
2021-04-09 00:09:52.872000,1.1918,1.19176,4010000,1500000
2021-04-09 00:10:23.011000,1.19179,1.19174,1760000,9970000
2021-04-09 00:10:23.113000,1.19178,1.19174,900000,1570000
2021-04-09 00:10:23.417000,1.19177,1.19173,940000,1500000
2021-04-09 00:10:23.720000,1.19178,1.19173,5890000,1570000
2021-04-09 00:10:30.020000,1.19179,1.19174,1570000,2320000
2021-04-09 00:10:30.122000,1.19179,1.19175,750000,1500000
2021-04-09 00:10:30.223000,1.19179,1.19176,1390000,2320000
2021-04-09 00:10:30.425000,1.1918,1.19176,4010000,750000
2021-04-09 00:10:38.193000,1.1918,1.19177,2510000,2320000
2021-04-09 00:10:38.592000,1.19183,1.19178,3640000,2250000
2021-04-09 00:10:38.694000,1.19182,1.19178,3000000,2250000
2021-04-09 00:10:38.796000,1.19183,1.19178,4010000,2320000
2021-04-09 00:10:40.604000,1.19184,1.1918,2510000,750000
2021-04-09 00:10:40.706000,1.19185,1.1918,1760000,1500000
2021-04-09 00:10:55.913000,1.19184,1.1918,100000,1500000
2021-04-09 00:11:00.441000,1.19184,1.19181,820000,750000
2021-04-09 00:11:00.574000,1.19184,1.1918,820000,1570000
2021-04-09 00:11:12.638000,1.19185,1.19181,4690000,1500000
2021-04-09 00:11:12.739000,1.19184,1.19181,5440000,1570000
2021-04-09 00:11:13.153000,1.19184,1.1918,750000,1570000
2021-04-09 00:11:27.277000,1.19183,1.1918,750000,750000
2021-04-09 00:11:30.205000,1.19182,1.1918,750000,750000
2021-04-09 00:11:30.256000,1.19181,1.19178,820000,750000
2021-04-09 00:11:30.358000,1.1918,1.19177,3750000,820000
2021-04-09 00:11:30.459000,1.1918,1.19175,7010000,1570000
2021-04-09 00:11:30.560000,1.19179,1.19175,1500000,1570000
2021-04-09 00:11:30.662000,1.19177,1.19174,2700000,820000
2021-04-09 00:11:30.764000,1.19176,1.19174,940000,100000
2021-04-09 00:11:30.814000,1.19176,1.19172,1690000,820000
2021-04-09 00:11:32.997000,1.19175,1.19172,750000,750000
2021-04-09 00:11:33.111000,1.19175,1.19171,1570000,750000
2021-04-09 00:11:38.271000,1.19174,1.1917,820000,1500000
2021-04-09 00:11:40.273000,1.19175,1.1917,5320000,1840000
2021-04-09 00:11:40.435000,1.19174,1.1917,750000,1840000
2021-04-09 00:11:40.536000,1.19175,1.1917,5320000,1840000
2021-04-09 00:11:42.324000,1.19175,1.19171,820000,820000
2021-04-09 00:11:50.713000,1.19175,1.19172,1500000,750000
2021-04-09 00:12:05.860000,1.19175,1.19171,4500000,1010000
2021-04-09 00:12:16.910000,1.19174,1.1917,4500000,1090000
2021-04-09 00:12:17.999000,1.19172,1.19169,4200000,100000
2021-04-09 00:12:18.100000,1.19171,1.19169,2250000,100000
2021-04-09 00:12:18.151000,1.19171,1.19167,5250000,750000
2021-04-09 00:12:26.735000,1.19169,1.19165,750000,1570000
2021-04-09 00:12:27.326000,1.1917,1.19165,5320000,2140000
2021-04-09 00:12:30.321000,1.19168,1.19166,1570000,1570000
2021-04-09 00:12:30.423000,1.19168,1.19165,1500000,750000
2021-04-09 00:12:30.601000,1.19166,1.19164,750000,370000
2021-04-09 00:12:30.652000,1.19167,1.19166,750000,750000
2021-04-09 00:12:32.379000,1.19169,1.19165,750000,1570000
2021-04-09 00:12:32.526000,1.1917,1.19165,6190000,1570000
2021-04-09 00:12:42.725000,1.19171,1.19169,2250000,4570000
2021-04-09 00:12:42.775000,1.19174,1.19171,6860000,750000
2021-04-09 00:12:43.029000,1.19176,1.19172,1570000,750000
2021-04-09 00:12:47.818000,1.19176,1.19171,4650000,1570000
2021-04-09 00:12:49.277000,1.19176,1.19172,4570000,750000
2021-04-09 00:12:50.747000,1.19176,1.19171,5510000,1500000
2021-04-09 00:12:50.899000,1.19175,1.19171,750000,1500000
2021-04-09 00:12:56.851000,1.19176,1.19173,1500000,750000
2021-04-09 00:12:56.953000,1.19176,1.19172,100000,1500000
2021-04-09 00:13:00.760000,1.19176,1.19173,750000,750000
2021-04-09 00:13:05.515000,1.19176,1.19172,820000,750000
2021-04-09 00:13:10.676000,1.19175,1.19172,3000000,750000
2021-04-09 00:13:10.857000,1.19176,1.19172,4570000,750000
2021-04-09 00:13:19.681000,1.19175,1.19172,820000,750000
2021-04-09 00:13:39.534000,1.19177,1.19174,5850000,750000
2021-04-09 00:13:41.387000,1.19176,1.19172,1570000,1200000
2021-04-09 00:13:41.540000,1.19175,1.19172,1500000,100000
2021-04-09 00:13:41.642000,1.19175,1.19171,1500000,1690000
2021-04-09 00:13:59.764000,1.19172,1.19169,820000,1200000
2021-04-09 00:13:59.866000,1.19171,1.19169,1500000,100000
2021-04-09 00:13:59.918000,1.1917,1.19167,750000,750000
2021-04-09 00:14:00.019000,1.1917,1.19166,1500000,820000
2021-04-09 00:14:00.978000,1.19169,1.19166,750000,750000
2021-04-09 00:14:04.321000,1.19169,1.19167,1500000,1500000
2021-04-09 00:14:08.298000,1.19171,1.19168,1500000,750000
2021-04-09 00:14:11.263000,1.19172,1.19168,750000,2250000
2021-04-09 00:14:14.340000,1.19173,1.19169,750000,2320000
2021-04-09 00:14:19.496000,1.19172,1.19171,750000,750000
2021-04-09 00:14:21.465000,1.19174,1.19171,750000,750000
2021-04-09 00:14:26.647000,1.19174,1.1917,750000,2320000
2021-04-09 00:14:30.413000,1.19173,1.1917,750000,750000
2021-04-09 00:14:57.487000,1.19172,1.19168,3450000,4390000
2021-04-09 00:14:57.537000,1.1917,1.19168,750000,100000
2021-04-09 00:14:57.690000,1.19169,1.19167,750000,13010000
2021-04-09 00:15:05.147000,1.19169,1.19166,1500000,190000
2021-04-09 00:15:05.248000,1.19168,1.19165,750000,940000
2021-04-09 00:15:07.077000,1.19169,1.19165,1500000,1690000
2021-04-09 00:15:08.979000,1.1917,1.19167,1690000,1500000
2021-04-09 00:15:15.227000,1.1917,1.19166,750000,3260000
2021-04-09 00:15:15.432000,1.19169,1.19168,750000,940000
2021-04-09 00:15:18.752000,1.19169,1.19166,750000,1010000
2021-04-09 00:15:20.959000,1.19168,1.19166,1570000,2440000
2021-04-09 00:15:29.344000,1.19168,1.19165,750000,1010000
2021-04-09 00:15:29.446000,1.19168,1.19164,1500000,1950000
2021-04-09 00:15:29.548000,1.19166,1.19164,750000,1200000
2021-04-09 00:15:29.598000,1.19166,1.19162,1500000,940000
2021-04-09 00:15:29.700000,1.19164,1.19161,5510000,1200000
2021-04-09 00:15:29.802000,1.19164,1.1916,750000,820000
2021-04-09 00:15:35.884000,1.19164,1.19161,750000,750000
2021-04-09 00:15:47.164000,1.19162,1.1916,750000,370000
2021-04-09 00:15:47.266000,1.19161,1.19159,750000,1200000
2021-04-09 00:15:47.367000,1.1916,1.19157,4500000,2960000
2021-04-09 00:15:48.810000,1.19162,1.19159,750000,750000
2021-04-09 00:15:48.912000,1.19163,1.1916,1500000,2510000
2021-04-09 00:15:49.014000,1.19164,1.1916,750000,750000
2021-04-09 00:15:51.572000,1.19166,1.19162,750000,2810000
2021-04-09 00:15:51.674000,1.19166,1.19163,1690000,750000
2021-04-09 00:15:52.886000,1.19167,1.19163,1690000,750000
2021-04-09 00:15:52.995000,1.19167,1.19164,1690000,750000
2021-04-09 00:15:53.376000,1.19168,1.19164,750000,1950000
2021-04-09 00:15:53.477000,1.19167,1.19166,750000,750000
2021-04-09 00:15:54.962000,1.19168,1.19164,6260000,750000
2021-04-09 00:15:55.065000,1.19166,1.19163,940000,1570000
2021-04-09 00:15:55.168000,1.19166,1.19161,2510000,5320000
2021-04-09 00:15:55.270000,1.19165,1.19161,3190000,2320000
2021-04-09 00:15:56.403000,1.19165,1.1916,1690000,3520000
2021-04-09 00:15:56.522000,1.19164,1.1916,750000,2700000
2021-04-09 00:16:05.235000,1.19163,1.1916,940000,750000
2021-04-09 00:16:16.813000,1.19165,1.1916,4760000,1950000
2021-04-09 00:16:17.675000,1.19164,1.1916,940000,1570000
2021-04-09 00:16:31.642000,1.19164,1.19162,190000,750000
2021-04-09 00:16:31.693000,1.19166,1.19162,4310000,1500000
2021-04-09 00:16:42.284000,1.19164,1.19163,940000,750000
2021-04-09 00:16:42.386000,1.19164,1.19162,4090000,1500000
2021-04-09 00:16:42.590000,1.19164,1.19161,750000,750000
2021-04-09 00:16:42.967000,1.19164,1.19162,750000,750000
2021-04-09 00:16:44.593000,1.19165,1.19162,4690000,750000
2021-04-09 00:16:44.745000,1.19164,1.19162,190000,750000
2021-04-09 00:16:46.889000,1.19162,1.1916,750000,5020000
2021-04-09 00:16:47.092000,1.19164,1.19159,5510000,1950000
2021-04-09 00:16:47.889000,1.19162,1.19159,940000,1950000
2021-04-09 00:16:47.990000,1.19161,1.19159,1760000,100000
2021-04-09 00:16:48.092000,1.19161,1.19158,3260000,750000
2021-04-09 00:16:49.549000,1.1916,1.19158,750000,750000
2021-04-09 00:16:49.824000,1.19161,1.19158,2510000,750000
2021-04-09 00:16:49.926000,1.19163,1.1916,7910000,750000
2021-04-09 00:16:50.028000,1.19164,1.1916,3710000,750000
2021-04-09 00:16:54.981000,1.19165,1.1916,6260000,1570000
2021-04-09 00:17:01.576000,1.19166,1.19162,940000,1500000
2021-04-09 00:17:03.268000,1.19165,1.19162,940000,750000
2021-04-09 00:17:03.371000,1.19165,1.19161,2250000,1200000
2021-04-09 00:17:05.502000,1.19164,1.1916,3260000,820000
2021-04-09 00:17:05.603000,1.19162,1.19159,940000,820000
2021-04-09 00:17:05.705000,1.19161,1.19158,190000,1500000
2021-04-09 00:17:06.708000,1.1916,1.19158,1690000,1500000
2021-04-09 00:17:06.809000,1.1916,1.19156,940000,2700000
2021-04-09 00:17:09.202000,1.19159,1.19156,940000,1500000
2021-04-09 00:17:15.620000,1.1916,1.19156,4760000,750000
2021-04-09 00:17:16.466000,1.19161,1.19156,5250000,2890000
2021-04-09 00:17:16.619000,1.19161,1.19157,3750000,750000
2021-04-09 00:17:38.247000,1.19161,1.19156,5320000,2250000
2021-04-09 00:17:41.194000,1.1916,1.19156,750000,1500000
2021-04-09 00:17:53.302000,1.1916,1.19155,5510000,2250000
2021-04-09 00:18:00.495000,1.19159,1.19155,820000,2250000
2021-04-09 00:18:00.597000,1.19157,1.19154,3820000,370000
2021-04-09 00:18:00.698000,1.19157,1.19153,2250000,1570000
2021-04-09 00:18:00.800000,1.19156,1.19152,2440000,750000
2021-04-09 00:18:02.545000,1.19157,1.19154,750000,750000
2021-04-09 00:18:02.648000,1.19158,1.19154,190000,4870000
2021-04-09 00:18:02.750000,1.19159,1.19154,1760000,5140000
2021-04-09 00:18:03.937000,1.19159,1.19155,940000,1500000
2021-04-09 00:18:05.047000,1.19157,1.19155,1120000,1500000
2021-04-09 00:18:05.149000,1.19155,1.19153,750000,100000
2021-04-09 00:18:05.251000,1.19155,1.19151,1760000,750000
2021-04-09 00:18:35.603000,1.19154,1.19151,750000,750000
2021-04-09 00:18:37.062000,1.19154,1.1915,2320000,750000
2021-04-09 00:18:41.961000,1.19156,1.19152,1570000,2640000
2021-04-09 00:18:42.012000,1.19159,1.19157,5470000,750000
2021-04-09 00:18:42.114000,1.1916,1.19158,7570000,750000
2021-04-09 00:18:42.215000,1.19163,1.1916,820000,750000
2021-04-09 00:18:42.317000,1.19164,1.1916,2400000,750000
2021-04-09 00:18:42.819000,1.19162,1.19159,750000,750000
2021-04-09 00:18:48.875000,1.19162,1.19158,820000,750000
2021-04-09 00:18:54.477000,1.19163,1.1916,100000,750000
2021-04-09 00:18:54.629000,1.19164,1.1916,3150000,750000
2021-04-09 00:19:09.805000,1.19164,1.19161,1500000,750000
2021-04-09 00:19:17.841000,1.19161,1.19159,1500000,1010000
2021-04-09 00:19:18.044000,1.1916,1.19156,3750000,9000000
2021-04-09 00:19:18.396000,1.19161,1.19156,6410000,1500000
2021-04-09 00:19:18.557000,1.1916,1.19156,750000,1500000
2021-04-09 00:19:18.817000,1.19161,1.19156,5590000,1500000
2021-04-09 00:19:19.020000,1.1916,1.19156,750000,750000
2021-04-09 00:19:19.573000,1.19159,1.19156,750000,750000
2021-04-09 00:19:19.843000,1.1916,1.19155,5400000,3560000
2021-04-09 00:19:22.999000,1.1916,1.19157,750000,750000
2021-04-09 00:19:23.101000,1.19161,1.19159,1270000,750000
2021-04-09 00:19:23.203000,1.19162,1.19158,1500000,750000
2021-04-09 00:19:24.014000,1.19161,1.19156,2400000,2620000
2021-04-09 00:19:24.166000,1.1916,1.19156,3000000,1870000
2021-04-09 00:19:24.571000,1.19159,1.19155,100000,2620000
2021-04-09 00:19:26.215000,1.1916,1.19155,5290000,1500000
2021-04-09 00:19:34.294000,1.19159,1.19155,820000,750000
2021-04-09 00:19:36.163000,1.19158,1.19155,1200000,750000
2021-04-09 00:19:36.574000,1.19159,1.19155,3040000,750000
2021-04-09 00:19:36.727000,1.19158,1.19155,820000,750000
2021-04-09 00:19:38.977000,1.19159,1.19155,2660000,750000
2021-04-09 00:19:42.253000,1.19157,1.19153,190000,1500000
2021-04-09 00:19:42.355000,1.19155,1.19152,190000,450000
2021-04-09 00:19:42.456000,1.19154,1.19151,190000,9000000
2021-04-09 00:19:47.325000,1.19153,1.1915,190000,750000
2021-04-09 00:19:48.318000,1.19154,1.1915,2510000,750000
2021-04-09 00:19:51.606000,1.19153,1.1915,190000,750000
2021-04-09 00:19:52.017000,1.19154,1.1915,5440000,750000
2021-04-09 00:19:52.556000,1.19152,1.19151,190000,750000
2021-04-09 00:19:54.142000,1.19154,1.1915,5440000,750000
2021-04-09 00:20:01.202000,1.19155,1.19152,940000,750000
2021-04-09 00:20:01.407000,1.19155,1.19151,1840000,750000
2021-04-09 00:20:01.610000,1.19154,1.19151,190000,750000
2021-04-09 00:20:04.709000,1.19153,1.19149,3340000,820000
2021-04-09 00:20:04.811000,1.19152,1.19149,750000,820000
2021-04-09 00:20:04.912000,1.19149,1.19148,750000,750000
2021-04-09 00:20:06.182000,1.1915,1.19146,2590000,750000
2021-04-09 00:20:06.714000,1.19151,1.19148,190000,750000
2021-04-09 00:20:06.815000,1.19152,1.19148,1010000,750000
2021-04-09 00:20:06.917000,1.19153,1.1915,4540000,750000
2021-04-09 00:20:08.657000,1.19154,1.1915,5440000,750000
2021-04-09 00:20:12.632000,1.19154,1.19151,190000,750000
2021-04-09 00:20:12.784000,1.19155,1.19151,940000,750000
2021-04-09 00:20:12.886000,1.19156,1.19152,940000,1500000
2021-04-09 00:20:13.038000,1.19156,1.19153,1690000,3150000
2021-04-09 00:20:13.140000,1.19158,1.19155,190000,750000
2021-04-09 00:20:13.241000,1.19159,1.19155,1760000,750000
2021-04-09 00:20:26.286000,1.19158,1.19155,190000,750000
2021-04-09 00:20:26.489000,1.19159,1.19155,1090000,1500000
2021-04-09 00:20:26.590000,1.19158,1.19155,190000,1500000
2021-04-09 00:20:26.691000,1.19157,1.19153,190000,1500000
2021-04-09 00:20:30.229000,1.19156,1.19153,190000,750000
2021-04-09 00:20:30.382000,1.19156,1.19152,4910000,750000
2021-04-09 00:20:30.483000,1.19155,1.19152,5960000,750000
2021-04-09 00:20:33.172000,1.19154,1.19152,820000,750000
2021-04-09 00:20:33.223000,1.19154,1.1915,820000,1690000
2021-04-09 00:20:37.625000,1.19153,1.19149,750000,750000
2021-04-09 00:20:39.163000,1.19153,1.1915,6340000,1500000
2021-04-09 00:20:46.782000,1.19152,1.19149,940000,1500000
2021-04-09 00:20:55.318000,1.19152,1.19148,2440000,1500000
2021-04-09 00:21:23.242000,1.1915,1.19146,1500000,3450000
2021-04-09 00:21:51.281000,1.19149,1.19145,3260000,1500000
2021-04-09 00:21:51.383000,1.19145,1.19143,940000,1870000
2021-04-09 00:21:51.485000,1.19147,1.19144,750000,750000
2021-04-09 00:21:51.586000,1.19148,1.19144,3260000,750000
2021-04-09 00:21:51.738000,1.19149,1.19145,3260000,750000
2021-04-09 00:21:53.005000,1.1915,1.19148,1310000,750000
2021-04-09 00:21:53.106000,1.1915,1.19147,190000,750000
2021-04-09 00:21:57.254000,1.19149,1.19147,100000,750000
2021-04-09 00:21:57.305000,1.19148,1.19145,820000,750000
2021-04-09 00:21:57.458000,1.19147,1.19144,190000,1500000
2021-04-09 00:21:58.391000,1.19147,1.19143,190000,1500000
2021-04-09 00:22:00.097000,1.19148,1.19144,190000,1500000
2021-04-09 00:22:00.199000,1.19148,1.19145,190000,750000
2021-04-09 00:22:00.401000,1.19149,1.19145,260000,750000
2021-04-09 00:22:02.486000,1.1915,1.19145,2510000,1500000
2021-04-09 00:22:05.254000,1.1915,1.19147,1760000,750000
2021-04-09 00:22:08.925000,1.19151,1.19149,190000,750000
2021-04-09 00:22:09.077000,1.19151,1.19147,940000,750000
2021-04-09 00:22:11.143000,1.1915,1.19147,190000,750000
2021-04-09 00:22:11.245000,1.19149,1.19147,190000,750000
2021-04-09 00:22:12.759000,1.19149,1.19145,1460000,2250000
2021-04-09 00:22:18.741000,1.1915,1.19145,5510000,1570000
2021-04-09 00:22:24.338000,1.19149,1.19145,190000,1500000
2021-04-09 00:22:29.052000,1.1915,1.19147,190000,750000
2021-04-09 00:22:29.408000,1.19149,1.19147,190000,750000
2021-04-09 00:22:30.125000,1.19149,1.19146,190000,750000
2021-04-09 00:22:34.421000,1.1915,1.19146,5960000,750000
2021-04-09 00:22:34.635000,1.19149,1.19146,190000,750000
2021-04-09 00:22:36.353000,1.19149,1.19147,5590000,750000
2021-04-09 00:22:45.884000,1.1915,1.19147,4570000,750000
2021-04-09 00:22:54.721000,1.19151,1.19147,750000,750000
2021-04-09 00:23:11.873000,1.1915,1.19147,190000,750000
2021-04-09 00:23:13.990000,1.19152,1.19149,1390000,750000
2021-04-09 00:23:14.143000,1.19151,1.19147,100000,750000
2021-04-09 00:23:30.685000,1.19152,1.19149,1010000,750000
2021-04-09 00:23:30.787000,1.19152,1.19148,820000,2440000
2021-04-09 00:23:30.889000,1.19152,1.19147,1760000,1760000
2021-04-09 00:23:31.153000,1.19151,1.19147,100000,1690000
2021-04-09 00:23:50.306000,1.19152,1.19148,820000,750000
2021-04-09 00:23:50.522000,1.1915,1.19148,750000,1460000
2021-04-09 00:23:53.000000,1.19153,1.1915,940000,750000
2021-04-09 00:23:53.102000,1.19153,1.19151,750000,820000
2021-04-09 00:23:53.153000,1.19155,1.19153,190000,750000
2021-04-09 00:23:53.204000,1.19156,1.19154,6710000,750000
2021-04-09 00:23:53.305000,1.19157,1.19154,1570000,750000
2021-04-09 00:24:05.680000,1.19156,1.19153,4570000,750000
2021-04-09 00:24:05.832000,1.19155,1.19152,750000,750000
2021-04-09 00:24:06.237000,1.19155,1.19151,820000,1500000
2021-04-09 00:24:22.784000,1.19153,1.19152,820000,750000
2021-04-09 00:24:22.936000,1.19153,1.19151,750000,750000
2021-04-09 00:24:23.037000,1.19154,1.19151,5510000,750000
2021-04-09 00:24:40.716000,1.19153,1.19151,6260000,750000
2021-04-09 00:24:44.179000,1.19152,1.19149,1570000,750000
2021-04-09 00:24:44.432000,1.19151,1.19148,750000,750000
2021-04-09 00:25:00.574000,1.19153,1.19149,1500000,1570000
2021-04-09 00:25:00.676000,1.19154,1.1915,6070000,940000
2021-04-09 00:25:04.843000,1.19153,1.1915,1500000,190000
2021-04-09 00:25:04.945000,1.19153,1.19149,5320000,1570000
2021-04-09 00:25:05.047000,1.19151,1.19148,750000,100000
2021-04-09 00:25:05.150000,1.19151,1.19147,750000,3340000
2021-04-09 00:25:08.098000,1.19151,1.19146,2400000,1760000
2021-04-09 00:25:08.200000,1.1915,1.19146,750000,1760000
2021-04-09 00:25:11.262000,1.19149,1.19146,1500000,750000
2021-04-09 00:25:11.364000,1.19149,1.19145,1570000,2440000
2021-04-09 00:25:11.465000,1.19148,1.19145,750000,1690000
2021-04-09 00:25:11.968000,1.19149,1.19145,2470000,1690000
2021-04-09 00:25:14.970000,1.19148,1.19145,4500000,190000
2021-04-09 00:25:16.627000,1.19148,1.19144,4500000,2700000
2021-04-09 00:25:19.561000,1.19148,1.19145,3750000,750000
2021-04-09 00:25:19.663000,1.19149,1.19145,2400000,750000
2021-04-09 00:25:21.905000,1.19148,1.19145,750000,750000
2021-04-09 00:25:22.072000,1.19149,1.19145,2400000,750000
2021-04-09 00:25:25.160000,1.19147,1.19146,750000,750000
2021-04-09 00:25:25.312000,1.19149,1.19145,6150000,750000
2021-04-09 00:25:26.264000,1.19147,1.19146,750000,750000
2021-04-09 00:25:26.501000,1.19149,1.19145,6150000,750000
2021-04-09 00:25:26.914000,1.19149,1.19146,5590000,1570000
2021-04-09 00:25:31.135000,1.19152,1.19148,2770000,750000
2021-04-09 00:25:31.237000,1.19151,1.19147,750000,1760000
2021-04-09 00:25:31.509000,1.19152,1.19147,2400000,2140000
2021-04-09 00:25:47.408000,1.19151,1.19147,750000,2140000
2021-04-09 00:25:47.553000,1.19149,1.19147,750000,750000
2021-04-09 00:25:47.654000,1.1915,1.19147,1570000,750000
2021-04-09 00:25:47.756000,1.19149,1.19147,750000,750000
2021-04-09 00:25:48.392000,1.1915,1.19147,1570000,750000
2021-04-09 00:25:58.213000,1.19151,1.19148,100000,750000
2021-04-09 00:25:58.264000,1.1915,1.19146,750000,1840000
2021-04-09 00:26:15.119000,1.1915,1.19145,2320000,1840000
2021-04-09 00:26:22.048000,1.1915,1.19146,1500000,100000
2021-04-09 00:26:40.532000,1.19151,1.19147,820000,750000
2021-04-09 00:26:42.306000,1.19152,1.19149,750000,750000
2021-04-09 00:26:42.409000,1.19153,1.19149,750000,2510000
2021-04-09 00:26:42.562000,1.19154,1.19149,3070000,2590000
2021-04-09 00:26:42.764000,1.19154,1.1915,2250000,1010000
2021-04-09 00:26:42.866000,1.19155,1.19151,1570000,750000
2021-04-09 00:26:47.875000,1.19156,1.19152,2440000,3900000
2021-04-09 00:26:48.077000,1.19155,1.19154,1500000,190000
2021-04-09 00:26:56.008000,1.19159,1.19154,2320000,2590000
2021-04-09 00:26:56.160000,1.19159,1.19155,2320000,190000
2021-04-09 00:27:01.353000,1.19158,1.19154,3070000,2320000
2021-04-09 00:27:01.455000,1.19157,1.19154,1570000,1200000
2021-04-09 00:27:01.557000,1.19157,1.19153,2320000,190000
2021-04-09 00:27:03.354000,1.19155,1.19153,750000,190000
2021-04-09 00:27:03.455000,1.19155,1.19152,750000,190000
2021-04-09 00:27:06.918000,1.19154,1.19151,750000,260000
2021-04-09 00:27:09.480000,1.19155,1.19151,5320000,940000
2021-04-09 00:27:13.684000,1.19155,1.19152,1570000,750000
2021-04-09 00:27:13.735000,1.19157,1.19153,5250000,1010000
2021-04-09 00:27:16.502000,1.19156,1.19153,2320000,190000
2021-04-09 00:27:16.604000,1.19156,1.19152,5590000,750000
2021-04-09 00:27:16.705000,1.19155,1.19151,1500000,2140000
2021-04-09 00:27:16.859000,1.19156,1.19151,5510000,3260000
2021-04-09 00:27:17.605000,1.19156,1.19152,1760000,750000
2021-04-09 00:27:21.142000,1.19157,1.19154,1500000,750000
2021-04-09 00:27:21.244000,1.19158,1.19154,1690000,820000
2021-04-09 00:27:21.345000,1.19158,1.19156,2510000,750000
2021-04-09 00:27:25.456000,1.19158,1.19154,3070000,1760000
2021-04-09 00:27:25.558000,1.19157,1.19153,1570000,2890000
2021-04-09 00:27:27.619000,1.19158,1.19155,190000,750000
2021-04-09 00:27:27.721000,1.19159,1.19155,2510000,750000
2021-04-09 00:27:28.144000,1.1916,1.19156,6260000,750000
2021-04-09 00:27:29.571000,1.19159,1.19156,750000,750000
2021-04-09 00:27:29.982000,1.1916,1.19156,6260000,750000
2021-04-09 00:27:30.254000,1.19159,1.19156,750000,750000
2021-04-09 00:27:30.688000,1.1916,1.19156,6260000,750000
2021-04-09 00:27:30.969000,1.19158,1.19157,750000,750000
2021-04-09 00:27:31.077000,1.19158,1.19155,750000,820000
2021-04-09 00:27:33.662000,1.19156,1.19154,820000,2140000
2021-04-09 00:27:37.282000,1.19158,1.19155,1010000,750000
2021-04-09 00:27:37.485000,1.19159,1.19155,6260000,750000
2021-04-09 00:27:38.061000,1.19159,1.19156,1010000,750000
2021-04-09 00:27:39.920000,1.19157,1.19155,2320000,2140000
2021-04-09 00:27:39.971000,1.19156,1.19154,820000,450000
2021-04-09 00:27:40.123000,1.19156,1.19152,4570000,1500000
2021-04-09 00:27:43.643000,1.19155,1.19152,750000,750000
2021-04-09 00:27:48.878000,1.19155,1.19151,1500000,1760000
2021-04-09 00:28:18.185000,1.19154,1.19151,750000,940000
2021-04-09 00:28:19.183000,1.19155,1.19151,2250000,940000
2021-04-09 00:28:23.669000,1.19154,1.19151,750000,940000
2021-04-09 00:28:24.936000,1.19155,1.19151,2320000,940000
2021-04-09 00:28:40.073000,1.19155,1.1915,2320000,2320000
2021-04-09 00:28:40.123000,1.19153,1.1915,750000,1690000
2021-04-09 00:28:40.583000,1.19154,1.1915,750000,1760000
2021-04-09 00:28:41.729000,1.19153,1.1915,750000,1760000
2021-04-09 00:28:51.479000,1.19154,1.1915,750000,2440000
2021-04-09 00:28:52.978000,1.19154,1.19151,750000,100000
2021-04-09 00:28:53.789000,1.19153,1.19151,750000,100000
2021-04-09 00:28:53.892000,1.19153,1.1915,750000,450000
2021-04-09 00:28:54.250000,1.19154,1.19151,750000,750000
2021-04-09 00:29:04.729000,1.19155,1.19151,750000,3410000
2021-04-09 00:29:05.738000,1.19155,1.19152,750000,100000
2021-04-09 00:29:18.239000,1.19155,1.19151,750000,6260000
2021-04-09 00:29:19.989000,1.19155,1.19152,750000,3750000
2021-04-09 00:29:34.740000,1.19155,1.19151,750000,2890000
2021-04-09 00:29:36.066000,1.19156,1.19152,1570000,750000
2021-04-09 00:29:36.269000,1.19156,1.19153,3260000,2400000
2021-04-09 00:29:40.496000,1.19157,1.19153,1570000,750000
2021-04-09 00:29:43.363000,1.19155,1.19152,750000,2890000
2021-04-09 00:29:43.565000,1.19154,1.19152,750000,2140000
2021-04-09 00:29:48.010000,1.19155,1.19152,750000,940000
2021-04-09 00:29:52.496000,1.19155,1.19151,750000,2140000
2021-04-09 00:29:55.629000,1.19155,1.19152,750000,940000
2021-04-09 00:29:55.782000,1.19157,1.19153,1570000,1760000
2021-04-09 00:29:55.884000,1.19157,1.19154,820000,1310000
2021-04-09 00:29:55.986000,1.19159,1.19155,1500000,1010000
2021-04-09 00:29:56.443000,1.19159,1.19156,750000,750000
2021-04-09 00:29:57.681000,1.19159,1.19155,750000,1090000
2021-04-09 00:30:07.496000,1.19159,1.19156,750000,750000
2021-04-09 00:30:13.496000,1.19159,1.19155,750000,1010000
2021-04-09 00:30:16.680000,1.19157,1.19154,750000,100000
2021-04-09 00:30:16.883000,1.19157,1.19153,750000,1570000
2021-04-09 00:30:17.513000,1.19158,1.19155,750000,750000
2021-04-09 00:30:27.618000,1.19159,1.19155,750000,2960000
2021-04-09 00:30:37.423000,1.19159,1.19156,750000,100000
2021-04-09 00:30:40.859000,1.19159,1.19155,750000,3710000
2021-04-09 00:30:46.666000,1.19157,1.19154,1500000,450000
2021-04-09 00:30:46.869000,1.19157,1.19153,750000,1760000
2021-04-09 00:30:47.986000,1.19156,1.19153,750000,1760000
2021-04-09 00:30:54.189000,1.19157,1.19154,750000,1500000
2021-04-09 00:30:54.291000,1.19157,1.19155,750000,190000
2021-04-09 00:30:55.647000,1.19159,1.19156,750000,750000
2021-04-09 00:30:57.014000,1.1916,1.19157,750000,190000
2021-04-09 00:30:57.320000,1.1916,1.19156,750000,3340000
2021-04-09 00:30:59.587000,1.19161,1.19158,1500000,750000
2021-04-09 00:30:59.690000,1.1916,1.19156,750000,3710000
2021-04-09 00:31:07.838000,1.19159,1.19156,1500000,940000
2021-04-09 00:31:23.103000,1.19161,1.19158,750000,1690000
2021-04-09 00:31:23.155000,1.19163,1.19159,9600000,2250000
2021-04-09 00:31:23.256000,1.19163,1.1916,750000,750000
2021-04-09 00:31:24.570000,1.19163,1.19158,5250000,3710000
2021-04-09 00:31:24.672000,1.19162,1.19158,750000,3640000
2021-04-09 00:31:24.776000,1.19161,1.19158,750000,1690000
2021-04-09 00:31:25.186000,1.19162,1.19158,2250000,940000
2021-04-09 00:31:25.287000,1.1916,1.19159,750000,940000
2021-04-09 00:31:26.115000,1.19162,1.19158,2250000,940000
2021-04-09 00:31:27.754000,1.19161,1.1916,750000,750000
2021-04-09 00:31:27.856000,1.19164,1.19159,3260000,2250000
2021-04-09 00:31:27.957000,1.19164,1.1916,2440000,750000
2021-04-09 00:31:34.143000,1.19164,1.19159,2510000,4010000
2021-04-09 00:31:34.245000,1.19163,1.19159,750000,4010000
2021-04-09 00:31:34.296000,1.19161,1.19158,750000,2140000
2021-04-09 00:31:34.503000,1.19161,1.19157,1500000,190000
2021-04-09 00:31:36.495000,1.1916,1.19157,3000000,190000
2021-04-09 00:31:36.597000,1.19161,1.19157,2250000,260000
2021-04-09 00:31:36.698000,1.1916,1.19157,3000000,260000
2021-04-09 00:32:08.409000,1.1916,1.19158,5320000,190000
2021-04-09 00:32:08.833000,1.1916,1.19157,750000,190000
2021-04-09 00:32:13.136000,1.19161,1.19157,5320000,190000
2021-04-09 00:32:13.963000,1.1916,1.19157,5320000,2890000
2021-04-09 00:32:14.064000,1.1916,1.19156,750000,2140000
2021-04-09 00:32:20.091000,1.19161,1.19156,5400000,1390000
2021-04-09 00:32:20.192000,1.1916,1.19156,3000000,1390000
2021-04-09 00:32:33.468000,1.1916,1.19157,3000000,190000
2021-04-09 00:32:33.594000,1.19161,1.19157,5320000,190000
2021-04-09 00:32:34.727000,1.1916,1.19157,750000,190000
2021-04-09 00:32:34.828000,1.1916,1.19158,5320000,190000
2021-04-09 00:32:35.858000,1.19162,1.19157,5320000,2510000
2021-04-09 00:32:35.959000,1.19162,1.19158,5320000,100000
2021-04-09 00:32:36.111000,1.19162,1.19157,5250000,2590000
2021-04-09 00:32:36.212000,1.19163,1.19159,4570000,190000
2021-04-09 00:32:36.314000,1.19164,1.1916,750000,1690000
2021-04-09 00:32:36.794000,1.19165,1.1916,5890000,1760000
2021-04-09 00:32:38.289000,1.19164,1.1916,750000,2060000
2021-04-09 00:32:39.159000,1.19165,1.1916,4760000,2140000
2021-04-09 00:32:39.737000,1.19165,1.19161,1500000,560000
2021-04-09 00:32:49.566000,1.19164,1.19161,750000,190000
2021-04-09 00:32:49.952000,1.19164,1.19162,1500000,190000
2021-04-09 00:32:56.598000,1.19163,1.19162,750000,190000
2021-04-09 00:33:02.525000,1.19162,1.19159,750000,1570000
2021-04-09 00:33:02.626000,1.19163,1.19159,2250000,1950000
2021-04-09 00:33:03.935000,1.19164,1.1916,1500000,3260000
2021-04-09 00:33:05.627000,1.19162,1.19159,1500000,1010000
2021-04-09 00:33:05.678000,1.19164,1.19159,2250000,6340000
2021-04-09 00:33:05.780000,1.19164,1.1916,1500000,1310000
2021-04-09 00:33:06.804000,1.19165,1.19161,5250000,750000
2021-04-09 00:33:09.186000,1.19163,1.19162,750000,750000
2021-04-09 00:33:10.237000,1.19165,1.19163,1500000,1570000
2021-04-09 00:33:10.288000,1.19167,1.19164,5850000,260000
2021-04-09 00:33:10.440000,1.19168,1.19164,1500000,1310000
2021-04-09 00:33:10.541000,1.19169,1.19164,1500000,2440000
2021-04-09 00:33:10.643000,1.19169,1.19165,1500000,640000
2021-04-09 00:33:13.881000,1.19169,1.19166,750000,190000
2021-04-09 00:33:14.702000,1.19169,1.19167,1500000,940000
2021-04-09 00:33:46.895000,1.19169,1.19166,750000,940000
2021-04-09 00:33:47.655000,1.19169,1.19165,1500000,2510000
2021-04-09 00:33:57.662000,1.19171,1.19169,750000,750000
2021-04-09 00:33:57.769000,1.19172,1.19169,100000,2320000
2021-04-09 00:33:57.871000,1.19174,1.1917,8440000,370000
2021-04-09 00:34:01.295000,1.19175,1.19171,5440000,750000
2021-04-09 00:34:52.472000,1.19174,1.1917,750000,2590000
2021-04-09 00:34:52.624000,1.19175,1.1917,5250000,2590000
2021-04-09 00:34:55.139000,1.19172,1.19171,1500000,940000
2021-04-09 00:34:55.241000,1.19171,1.19169,750000,1010000
2021-04-09 00:34:55.342000,1.1917,1.19167,750000,370000
2021-04-09 00:34:55.444000,1.19169,1.19167,750000,5510000
2021-04-09 00:34:56.506000,1.19171,1.19167,2250000,1310000
2021-04-09 00:34:56.659000,1.19171,1.19168,750000,1120000
2021-04-09 00:34:56.761000,1.19171,1.19169,750000,940000
2021-04-09 00:34:58.587000,1.1917,1.19168,750000,940000
2021-04-09 00:34:58.689000,1.1917,1.19167,750000,1390000
2021-04-09 00:35:00.682000,1.1917,1.19166,750000,6190000
2021-04-09 00:35:10.227000,1.19169,1.19166,750000,190000
2021-04-09 00:35:16.104000,1.1917,1.19166,750000,5140000
2021-04-09 00:35:16.206000,1.1917,1.19168,750000,750000
2021-04-09 00:35:16.308000,1.19171,1.19167,1500000,1760000
2021-04-09 00:35:16.511000,1.19171,1.19166,2510000,1950000
2021-04-09 00:35:16.951000,1.1917,1.19166,750000,750000
2021-04-09 00:35:19.117000,1.19169,1.19165,750000,2590000
2021-04-09 00:35:19.219000,1.19168,1.19167,750000,370000
2021-04-09 00:35:19.571000,1.1917,1.19166,1570000,370000
2021-04-09 00:35:19.674000,1.19169,1.19166,750000,2140000
2021-04-09 00:35:23.986000,1.19168,1.19166,1500000,1200000
2021-04-09 00:35:24.838000,1.19167,1.19164,750000,3750000
2021-04-09 00:35:25.705000,1.19166,1.19164,750000,750000
2021-04-09 00:35:25.816000,1.19165,1.19162,750000,1270000
2021-04-09 00:35:25.917000,1.19164,1.19162,750000,100000
2021-04-09 00:35:26.019000,1.19164,1.19161,750000,1120000
2021-04-09 00:35:29.477000,1.19164,1.1916,750000,1570000
2021-04-09 00:35:48.415000,1.19164,1.19161,750000,370000
2021-04-09 00:36:16.313000,1.19164,1.1916,750000,2510000
2021-04-09 00:36:17.511000,1.19163,1.19159,1500000,5810000
2021-04-09 00:36:17.613000,1.19163,1.1916,750000,370000
2021-04-09 00:36:19.293000,1.19163,1.19161,750000,370000
2021-04-09 00:36:19.790000,1.19163,1.19162,750000,370000
2021-04-09 00:36:21.583000,1.19167,1.19163,2700000,2890000
2021-04-09 00:36:21.685000,1.19167,1.19164,100000,5510000
2021-04-09 00:36:21.787000,1.19168,1.19165,750000,1120000
2021-04-09 00:36:27.314000,1.19169,1.19165,1500000,560000
2021-04-09 00:36:59.523000,1.19169,1.19166,750000,1120000
2021-04-09 00:37:02.498000,1.1917,1.19167,750000,820000
2021-04-09 00:37:03.058000,1.1917,1.19166,1500000,4390000
2021-04-09 00:37:06.463000,1.19169,1.19166,750000,1310000
2021-04-09 00:37:06.564000,1.1917,1.19166,1570000,940000
2021-04-09 00:37:07.447000,1.1917,1.19165,2250000,1840000
2021-04-09 00:37:07.550000,1.19169,1.19165,750000,1690000
2021-04-09 00:37:07.759000,1.1917,1.19165,2320000,1690000
2021-04-09 00:37:12.921000,1.1917,1.19166,1500000,190000
2021-04-09 00:37:17.388000,1.19169,1.19165,1500000,2440000
2021-04-09 00:37:19.935000,1.19168,1.19164,2250000,940000
2021-04-09 00:37:20.087000,1.19166,1.19164,1500000,2060000
2021-04-09 00:37:24.381000,1.19166,1.19162,4500000,1690000
2021-04-09 00:37:25.490000,1.19164,1.19163,750000,750000
2021-04-09 00:37:25.592000,1.19165,1.19161,750000,2440000
2021-04-09 00:37:35.181000,1.19167,1.19163,5920000,2700000
2021-04-09 00:37:35.283000,1.19166,1.19163,1500000,190000
2021-04-09 00:37:35.385000,1.19168,1.19164,750000,5440000
2021-04-09 00:37:37.035000,1.19168,1.19165,750000,190000
2021-04-09 00:37:40.563000,1.1917,1.19165,5960000,2440000
2021-04-09 00:37:41.000000,1.19169,1.19165,750000,2440000
2021-04-09 00:37:42.803000,1.1917,1.19165,6710000,2440000
2021-04-09 00:37:46.245000,1.1917,1.19166,1760000,750000
2021-04-09 00:37:49.073000,1.1917,1.19165,2510000,5510000
2021-04-09 00:38:15.533000,1.19171,1.19169,750000,3190000
2021-04-09 00:38:15.585000,1.19176,1.19174,100000,750000
2021-04-09 00:38:15.636000,1.19179,1.19175,6670000,2090000
2021-04-09 00:38:15.788000,1.19178,1.19176,750000,2320000
2021-04-09 00:38:15.890000,1.19181,1.19177,1570000,3070000
2021-04-09 00:38:15.992000,1.19182,1.19179,1570000,940000
2021-04-09 00:38:16.195000,1.19182,1.19178,1500000,2590000
2021-04-09 00:38:16.297000,1.19181,1.19178,1500000,100000
2021-04-09 00:38:17.772000,1.19182,1.19179,750000,2440000
2021-04-09 00:38:17.874000,1.19183,1.19179,100000,5440000
2021-04-09 00:38:18.077000,1.19184,1.19179,3340000,2510000
2021-04-09 00:38:18.178000,1.19182,1.1918,1570000,2440000
2021-04-09 00:38:19.131000,1.19184,1.19179,5590000,1760000
2021-04-09 00:38:20.757000,1.19184,1.1918,1010000,4500000
2021-04-09 00:38:22.533000,1.19184,1.19182,750000,750000
2021-04-09 00:38:22.592000,1.19186,1.19183,260000,1570000
2021-04-09 00:38:22.694000,1.19188,1.19185,190000,1500000
2021-04-09 00:38:22.796000,1.19189,1.19185,370000,1760000
2021-04-09 00:38:22.897000,1.1919,1.19185,6710000,1760000
2021-04-09 00:38:25.385000,1.1919,1.19186,6260000,370000
2021-04-09 00:38:27.210000,1.1919,1.19188,1010000,370000
2021-04-09 00:38:27.545000,1.1919,1.19186,100000,1120000
2021-04-09 00:38:27.646000,1.19189,1.19186,750000,1120000
2021-04-09 00:38:31.249000,1.1919,1.19186,900000,1120000
2021-04-09 00:38:31.350000,1.19189,1.19186,750000,1120000
2021-04-09 00:38:31.539000,1.1919,1.19186,1650000,1120000
2021-04-09 00:38:35.520000,1.19189,1.19186,750000,1200000
2021-04-09 00:38:35.672000,1.1919,1.19186,1650000,1120000
2021-04-09 00:38:36.573000,1.19189,1.19186,750000,750000
2021-04-09 00:38:36.781000,1.1919,1.19186,1650000,750000
2021-04-09 00:38:45.112000,1.19191,1.19187,1570000,1870000
2021-04-09 00:39:10.496000,1.19191,1.19186,6710000,1950000
2021-04-09 00:39:11.086000,1.1919,1.19186,190000,1570000
2021-04-09 00:39:13.652000,1.19189,1.19186,3000000,750000
2021-04-09 00:39:13.754000,1.19189,1.19185,3260000,1870000
2021-04-09 00:39:13.805000,1.19187,1.19184,4760000,100000
2021-04-09 00:39:13.906000,1.19186,1.19184,1570000,100000
2021-04-09 00:39:13.957000,1.19185,1.19182,750000,750000
2021-04-09 00:39:14.059000,1.19184,1.19181,750000,1570000
2021-04-09 00:39:14.514000,1.19185,1.19181,2320000,1500000
2021-04-09 00:39:14.751000,1.19184,1.19181,750000,1500000
2021-04-09 00:39:15.703000,1.19183,1.1918,940000,1500000
2021-04-09 00:39:15.805000,1.19183,1.19181,2590000,1500000
2021-04-09 00:39:24.417000,1.19183,1.1918,750000,1500000
2021-04-09 00:39:24.518000,1.19184,1.1918,1760000,1500000
2021-04-09 00:39:30.445000,1.19184,1.19181,1760000,750000
2021-04-09 00:39:30.546000,1.19184,1.1918,4760000,1500000
2021-04-09 00:39:30.648000,1.19183,1.1918,1010000,750000
2021-04-09 00:39:30.749000,1.19182,1.1918,750000,750000
2021-04-09 00:39:31.245000,1.19182,1.1918,1090000,750000
2021-04-09 00:39:31.638000,1.19183,1.19179,4090000,750000
2021-04-09 00:39:32.007000,1.19182,1.19179,750000,750000
2021-04-09 00:39:38.050000,1.19183,1.19179,4840000,750000
2021-04-09 00:39:40.217000,1.19181,1.1918,750000,750000
2021-04-09 00:39:48.744000,1.19182,1.19178,1010000,750000
2021-04-09 00:39:49.472000,1.19182,1.19179,1010000,750000
2021-04-09 00:39:49.575000,1.19182,1.19181,260000,750000
2021-04-09 00:39:49.677000,1.19184,1.1918,3190000,820000
2021-04-09 00:39:50.989000,1.19181,1.19179,750000,100000
2021-04-09 00:39:51.141000,1.19181,1.19178,4840000,750000
2021-04-09 00:39:55.496000,1.19181,1.19177,4840000,1500000
2021-04-09 00:39:57.623000,1.19182,1.19179,100000,2320000
2021-04-09 00:39:57.826000,1.19183,1.19179,2890000,1500000
2021-04-09 00:40:03.820000,1.19183,1.1918,940000,750000
2021-04-09 00:40:03.921000,1.19184,1.1918,260000,750000
2021-04-09 00:40:06.292000,1.19185,1.1918,6340000,1950000
2021-04-09 00:40:07.007000,1.19185,1.19181,6340000,750000
2021-04-09 00:40:07.359000,1.19185,1.1918,6260000,1950000
2021-04-09 00:40:13.662000,1.19185,1.19182,6260000,370000
2021-04-09 00:40:13.970000,1.19185,1.1918,6260000,1950000
2021-04-09 00:40:19.058000,1.19185,1.19182,190000,750000
2021-04-09 00:40:19.160000,1.19186,1.19182,1690000,900000
2021-04-09 00:40:21.322000,1.19185,1.19182,190000,750000
2021-04-09 00:40:21.727000,1.19187,1.19186,8170000,750000
2021-04-09 00:40:21.778000,1.19189,1.19187,100000,6000000
2021-04-09 00:40:21.880000,1.1919,1.19186,190000,1950000
2021-04-09 00:40:21.981000,1.19191,1.19186,6190000,2020000
2021-04-09 00:40:22.133000,1.1919,1.19186,1500000,2400000
2021-04-09 00:40:30.587000,1.1919,1.19187,1690000,750000
2021-04-09 00:40:30.638000,1.19192,1.1919,2140000,1570000
2021-04-09 00:40:30.841000,1.19194,1.1919,1570000,2320000
2021-04-09 00:40:34.292000,1.19194,1.19191,1500000,100000
2021-04-09 00:40:34.927000,1.19195,1.19191,5510000,1570000
2021-04-09 00:40:42.820000,1.19193,1.1919,100000,750000
2021-04-09 00:40:44.511000,1.19193,1.19191,3640000,750000
2021-04-09 00:40:46.630000,1.19194,1.19192,2060000,750000
2021-04-09 00:40:50.907000,1.19194,1.19191,1690000,1500000
2021-04-09 00:40:56.611000,1.19194,1.19193,190000,1950000
2021-04-09 00:40:56.718000,1.19195,1.19192,190000,1500000
2021-04-09 00:41:08.150000,1.19193,1.19192,190000,1500000
2021-04-09 00:41:08.201000,1.19192,1.19189,4200000,100000
2021-04-09 00:41:08.303000,1.19189,1.19188,1690000,5400000
2021-04-09 00:41:13.581000,1.19192,1.1919,820000,1500000
2021-04-09 00:41:13.785000,1.19194,1.19191,4010000,750000
2021-04-09 00:41:20.331000,1.19193,1.19189,1570000,750000
2021-04-09 00:41:20.646000,1.19192,1.19189,750000,750000
2021-04-09 00:41:21.666000,1.19193,1.19189,2590000,750000
2021-04-09 00:41:30.453000,1.19193,1.19191,820000,750000
2021-04-09 00:41:30.555000,1.19194,1.19191,750000,750000
2021-04-09 00:41:31.731000,1.19193,1.19191,750000,750000
2021-04-09 00:41:31.896000,1.19193,1.1919,1500000,750000
2021-04-09 00:41:39.022000,1.19193,1.19191,750000,750000
2021-04-09 00:41:46.298000,1.19194,1.19191,940000,750000
2021-04-09 00:41:46.701000,1.19193,1.19189,1570000,750000
2021-04-09 00:41:47.055000,1.19192,1.19189,940000,750000
2021-04-09 00:41:47.308000,1.19191,1.19188,1760000,750000
2021-04-09 00:41:47.815000,1.1919,1.19187,100000,750000
2021-04-09 00:42:36.255000,1.19188,1.19184,820000,1950000
2021-04-09 00:42:36.357000,1.19188,1.19185,3070000,750000
2021-04-09 00:42:36.459000,1.19189,1.19185,4460000,1500000
2021-04-09 00:42:36.661000,1.1919,1.19185,2960000,4950000
2021-04-09 00:42:39.444000,1.1919,1.19186,1840000,750000
2021-04-09 00:42:48.256000,1.1919,1.19187,1010000,750000
2021-04-09 00:42:52.797000,1.19192,1.1919,4990000,750000
2021-04-09 00:42:52.950000,1.19192,1.19189,1760000,750000
2021-04-09 00:42:53.152000,1.19192,1.19187,5590000,2400000
2021-04-09 00:42:53.254000,1.19191,1.19187,1010000,750000
2021-04-09 00:43:01.485000,1.19189,1.19186,100000,750000
2021-04-09 00:43:02.351000,1.19187,1.19184,3260000,370000
2021-04-09 00:43:02.453000,1.19186,1.19183,260000,750000
2021-04-09 00:43:05.191000,1.19187,1.19183,260000,1500000
2021-04-09 00:43:05.292000,1.19187,1.19186,150000,750000
2021-04-09 00:43:05.394000,1.19189,1.19186,260000,1500000
2021-04-09 00:43:05.496000,1.1919,1.19186,3640000,1500000
2021-04-09 00:43:09.093000,1.1919,1.19187,2590000,4570000
2021-04-09 00:43:12.451000,1.19192,1.19189,1010000,1500000
2021-04-09 00:43:12.604000,1.19192,1.1919,100000,750000
2021-04-09 00:43:12.705000,1.19193,1.1919,190000,750000
2021-04-09 00:43:15.517000,1.19194,1.1919,1010000,1500000
2021-04-09 00:43:15.618000,1.19194,1.19191,260000,750000
2021-04-09 00:43:19.139000,1.19194,1.1919,260000,1870000
2021-04-09 00:43:20.342000,1.19194,1.19191,260000,750000
2021-04-09 00:43:21.371000,1.19194,1.1919,190000,1950000
2021-04-09 00:43:24.120000,1.19193,1.1919,750000,1950000
2021-04-09 00:43:24.222000,1.19192,1.1919,370000,750000
2021-04-09 00:43:24.273000,1.19192,1.19188,4390000,1570000
2021-04-09 00:43:24.374000,1.19189,1.19188,190000,750000
2021-04-09 00:43:25.649000,1.19187,1.19185,2810000,750000
2021-04-09 00:43:25.752000,1.19186,1.19183,940000,100000
2021-04-09 00:43:25.853000,1.19186,1.19182,1690000,820000
2021-04-09 00:43:31.784000,1.19186,1.19184,260000,1500000
2021-04-09 00:43:31.885000,1.19188,1.19184,340000,1500000
2021-04-09 00:43:31.936000,1.19188,1.19186,260000,750000
2021-04-09 00:43:32.038000,1.19189,1.19186,1010000,750000
2021-04-09 00:43:37.496000,1.1919,1.19186,4090000,750000
2021-04-09 00:43:40.136000,1.19189,1.19185,750000,2400000
2021-04-09 00:43:48.101000,1.19187,1.19184,1500000,750000
2021-04-09 00:43:48.203000,1.19187,1.19183,1500000,1650000
2021-04-09 00:43:58.628000,1.19186,1.19181,1570000,6710000
2021-04-09 00:44:01.206000,1.19186,1.19182,1840000,370000
2021-04-09 00:44:01.332000,1.19186,1.19181,1760000,6150000
2021-04-09 00:44:12.013000,1.19184,1.19181,750000,1120000
2021-04-09 00:44:16.600000,1.19183,1.19181,750000,3190000
2021-04-09 00:44:24.307000,1.19183,1.1918,750000,750000
2021-04-09 00:44:24.409000,1.19182,1.1918,750000,750000
2021-04-09 00:44:24.511000,1.19183,1.1918,750000,750000
2021-04-09 00:44:26.710000,1.19183,1.19179,750000,1500000
2021-04-09 00:44:37.248000,1.19183,1.1918,940000,750000
2021-04-09 00:44:52.777000,1.19183,1.19179,940000,1570000
2021-04-09 00:44:57.976000,1.1918,1.19179,940000,750000
2021-04-09 00:44:58.028000,1.19179,1.19177,1500000,7050000
2021-04-09 00:44:58.130000,1.1918,1.19177,750000,1570000
2021-04-09 00:44:58.282000,1.1918,1.19176,750000,2020000
2021-04-09 00:44:58.434000,1.19179,1.19176,750000,450000
2021-04-09 00:45:00.356000,1.19179,1.19175,750000,2400000
2021-04-09 00:45:00.514000,1.19179,1.19176,750000,370000
2021-04-09 00:45:03.606000,1.19179,1.19175,750000,2320000
2021-04-09 00:45:06.956000,1.19177,1.19174,750000,4500000
2021-04-09 00:45:08.658000,1.19176,1.19172,2320000,750000
2021-04-09 00:45:13.345000,1.19175,1.19172,100000,750000
2021-04-09 00:45:16.130000,1.19175,1.19171,1650000,2250000
2021-04-09 00:46:10.392000,1.19174,1.1917,1570000,2250000
2021-04-09 00:46:10.645000,1.19173,1.1917,190000,1500000
2021-04-09 00:46:16.914000,1.19173,1.19169,1010000,1500000
2021-04-09 00:46:46.062000,1.19171,1.19166,1570000,6710000
2021-04-09 00:46:46.164000,1.19171,1.19167,820000,1120000
2021-04-09 00:46:46.265000,1.19171,1.19166,5400000,2510000
2021-04-09 00:46:47.242000,1.1917,1.19166,190000,1950000
2021-04-09 00:46:47.343000,1.19169,1.19166,750000,1200000
2021-04-09 00:47:21.017000,1.1917,1.19166,1760000,1120000
2021-04-09 00:47:29.765000,1.19167,1.19165,1500000,750000
2021-04-09 00:47:29.867000,1.19166,1.19164,100000,100000
2021-04-09 00:47:29.918000,1.19164,1.19162,750000,8250000
2021-04-09 00:47:30.019000,1.19164,1.19161,750000,1200000
2021-04-09 00:47:30.795000,1.19164,1.1916,2440000,4200000
2021-04-09 00:47:37.357000,1.19164,1.19161,940000,750000
2021-04-09 00:47:38.642000,1.19167,1.19164,2890000,1570000
2021-04-09 00:47:38.844000,1.19168,1.19165,1500000,1200000
2021-04-09 00:47:42.248000,1.19169,1.19167,370000,2250000
2021-04-09 00:47:42.299000,1.19172,1.19169,450000,820000
2021-04-09 00:47:42.400000,1.19174,1.19171,750000,1500000
2021-04-09 00:47:42.502000,1.19175,1.19171,5250000,2020000
2021-04-09 00:47:46.933000,1.19176,1.19174,1500000,370000
2021-04-09 00:47:47.086000,1.19177,1.19174,2590000,370000
2021-04-09 00:47:49.509000,1.19177,1.19175,2320000,370000
2021-04-09 00:47:50.119000,1.19177,1.19173,2320000,2620000
2021-04-09 00:47:57.622000,1.19175,1.19172,750000,1200000
2021-04-09 00:47:58.372000,1.19176,1.19172,5320000,1500000
2021-04-09 00:48:04.496000,1.19175,1.19172,750000,750000
2021-04-09 00:48:15.990000,1.19176,1.19172,5960000,750000
2021-04-09 00:48:32.799000,1.19174,1.19173,750000,750000
2021-04-09 00:48:41.031000,1.19175,1.19171,2590000,750000
2021-04-09 00:48:45.199000,1.19174,1.1917,820000,750000
2021-04-09 00:48:45.352000,1.19175,1.1917,5890000,900000
2021-04-09 00:48:47.470000,1.19175,1.19171,4760000,750000
2021-04-09 00:48:54.562000,1.19175,1.19173,190000,750000
2021-04-09 00:48:54.612000,1.19177,1.19173,4840000,750000
2021-04-09 00:48:54.714000,1.19179,1.19176,260000,750000
2021-04-09 00:48:54.765000,1.19178,1.19174,4570000,1870000
2021-04-09 00:48:54.867000,1.19179,1.19174,4840000,3070000
2021-04-09 00:48:55.223000,1.19177,1.19175,820000,1500000
2021-04-09 00:48:55.528000,1.19179,1.19174,2510000,3150000
2021-04-09 00:48:55.741000,1.19179,1.19175,1760000,750000
2021-04-09 00:49:01.496000,1.1918,1.19175,5590000,1950000
2021-04-09 00:49:03.274000,1.19179,1.19175,5510000,1500000
2021-04-09 00:49:03.376000,1.19178,1.19174,2320000,2250000
2021-04-09 00:49:05.076000,1.19176,1.19174,750000,750000
2021-04-09 00:49:05.127000,1.19175,1.19173,750000,1650000
2021-04-09 00:49:05.279000,1.19175,1.19171,4650000,1500000
2021-04-09 00:49:05.381000,1.19174,1.19171,100000,1500000
2021-04-09 00:49:05.920000,1.19171,1.19169,2250000,100000
2021-04-09 00:49:06.072000,1.1917,1.19167,750000,1500000
2021-04-09 00:49:06.224000,1.19171,1.19167,2590000,1500000
2021-04-09 00:49:07.192000,1.19169,1.19167,2250000,1650000
2021-04-09 00:49:07.345000,1.19169,1.19166,1500000,750000
2021-04-09 00:49:15.418000,1.19169,1.19165,2250000,2400000
2021-04-09 00:49:20.809000,1.19171,1.19168,2250000,370000
2021-04-09 00:49:20.962000,1.19173,1.19168,2510000,7570000
2021-04-09 00:49:21.063000,1.19172,1.1917,2250000,1390000
2021-04-09 00:49:21.164000,1.19173,1.1917,750000,820000
2021-04-09 00:49:21.266000,1.19174,1.1917,1500000,1950000
2021-04-09 00:49:40.727000,1.19173,1.1917,190000,750000
2021-04-09 00:49:48.116000,1.19174,1.1917,5510000,750000
2021-04-09 00:49:53.171000,1.19175,1.19171,5320000,750000
2021-04-09 00:50:05.164000,1.19173,1.19172,190000,750000
2021-04-09 00:50:05.403000,1.19174,1.1917,1690000,1570000
2021-04-09 00:50:05.657000,1.19173,1.1917,2510000,750000
2021-04-09 00:50:05.759000,1.19173,1.19169,2320000,1120000
2021-04-09 00:50:06.668000,1.19172,1.19169,750000,750000
2021-04-09 00:50:11.560000,1.19169,1.19167,750000,2960000
2021-04-09 00:50:11.814000,1.19169,1.19165,2250000,820000
2021-04-09 00:50:22.058000,1.19168,1.19165,750000,750000
2021-04-09 00:50:23.143000,1.1917,1.19168,750000,1950000
2021-04-09 00:50:23.244000,1.19172,1.19168,2250000,1500000
2021-04-09 00:50:23.346000,1.19173,1.19169,2250000,2210000
2021-04-09 00:50:27.374000,1.19173,1.19171,1690000,1570000
2021-04-09 00:50:29.429000,1.19176,1.19174,4500000,2320000
2021-04-09 00:50:35.703000,1.19178,1.19174,1570000,750000
2021-04-09 00:50:35.805000,1.19179,1.19174,2510000,3150000
2021-04-09 00:50:35.906000,1.19178,1.19174,750000,3150000
2021-04-09 00:50:36.008000,1.19177,1.19174,750000,2250000
2021-04-09 00:50:51.180000,1.19174,1.19173,750000,640000
2021-04-09 00:50:51.382000,1.19175,1.19171,1500000,1760000
2021-04-09 00:50:52.134000,1.19176,1.19172,1500000,3260000
2021-04-09 00:50:52.236000,1.19177,1.19172,2250000,6260000
2021-04-09 00:50:52.337000,1.19177,1.19173,2250000,370000
2021-04-09 00:50:54.766000,1.19179,1.19175,5850000,750000
2021-04-09 00:50:55.019000,1.19179,1.19176,750000,190000
2021-04-09 00:51:07.535000,1.19178,1.19176,750000,1090000
2021-04-09 00:51:09.373000,1.19179,1.19176,750000,190000
2021-04-09 00:51:09.913000,1.19179,1.19175,750000,1840000
2021-04-09 00:51:19.564000,1.19179,1.19176,750000,100000
2021-04-09 00:51:21.003000,1.1918,1.19177,750000,2590000
2021-04-09 00:51:21.257000,1.19181,1.19177,5250000,2140000
2021-04-09 00:51:24.035000,1.19182,1.19178,2250000,940000
2021-04-09 00:51:27.130000,1.19184,1.1918,2250000,820000
2021-04-09 00:51:29.103000,1.19184,1.19181,750000,190000
2021-04-09 00:51:31.443000,1.19185,1.19181,1570000,190000
2021-04-09 00:51:33.915000,1.19185,1.1918,1570000,5590000
2021-04-09 00:51:36.412000,1.19183,1.19179,750000,2210000
2021-04-09 00:51:41.031000,1.1918,1.19177,750000,1570000
2021-04-09 00:51:41.235000,1.1918,1.19176,750000,820000
2021-04-09 00:51:41.337000,1.19179,1.19176,750000,750000
2021-04-09 00:51:41.439000,1.19179,1.19175,2400000,4690000
2021-04-09 00:51:41.541000,1.19176,1.19174,2250000,100000
2021-04-09 00:51:41.642000,1.19175,1.19173,2250000,750000
2021-04-09 00:51:44.043000,1.19177,1.19173,2320000,750000
2021-04-09 00:51:47.220000,1.19175,1.19173,2320000,750000
2021-04-09 00:51:47.322000,1.19175,1.19172,750000,750000
2021-04-09 00:51:47.968000,1.19175,1.1917,5590000,3070000
2021-04-09 00:51:49.857000,1.19173,1.19169,1500000,6450000
2021-04-09 00:51:49.959000,1.19172,1.19169,940000,750000
2021-04-09 00:51:50.062000,1.19171,1.19167,2510000,750000
2021-04-09 00:51:50.395000,1.1917,1.19167,750000,750000
2021-04-09 00:51:51.963000,1.1917,1.19166,2590000,1500000
2021-04-09 00:51:52.065000,1.19169,1.19166,100000,1500000
2021-04-09 00:51:54.462000,1.19169,1.19165,1570000,5250000
2021-04-09 00:52:00.137000,1.19167,1.19166,1500000,750000
2021-04-09 00:52:03.591000,1.19169,1.19165,2510000,1500000
2021-04-09 00:52:21.414000,1.19168,1.19165,4500000,750000
2021-04-09 00:52:21.515000,1.19167,1.19165,5510000,1500000
2021-04-09 00:52:23.185000,1.19167,1.19163,1500000,2320000
2021-04-09 00:52:27.969000,1.19166,1.19162,5320000,4720000
2021-04-09 00:52:28.071000,1.19165,1.19162,750000,100000
2021-04-09 00:52:28.173000,1.19165,1.19161,750000,2510000
2021-04-09 00:52:31.182000,1.19167,1.19163,2250000,2320000
2021-04-09 00:52:31.284000,1.19168,1.19164,820000,6070000
2021-04-09 00:52:40.518000,1.19169,1.19164,2320000,6150000
2021-04-09 00:52:42.114000,1.19169,1.19165,2250000,820000
2021-04-09 00:52:44.112000,1.19169,1.19166,750000,750000
2021-04-09 00:52:45.783000,1.1917,1.19167,750000,2320000
2021-04-09 00:52:45.886000,1.19171,1.19168,750000,750000
2021-04-09 00:52:45.988000,1.19173,1.19169,1500000,6070000
2021-04-09 00:52:46.091000,1.19173,1.1917,1500000,640000
2021-04-09 00:52:51.369000,1.19173,1.19169,2250000,3070000
2021-04-09 00:52:57.145000,1.19172,1.19171,1500000,100000
2021-04-09 00:52:57.247000,1.19173,1.19171,750000,2510000
2021-04-09 00:52:57.418000,1.19175,1.19171,5250000,100000
2021-04-09 00:52:57.710000,1.19175,1.19172,750000,750000
2021-04-09 00:52:58.689000,1.19176,1.19172,5320000,750000
2021-04-09 00:53:02.154000,1.19175,1.19172,750000,750000
2021-04-09 00:53:02.306000,1.19176,1.19172,1570000,1500000
2021-04-09 00:53:09.088000,1.19176,1.19173,750000,3940000
2021-04-09 00:53:09.191000,1.19176,1.19172,2250000,1200000
2021-04-09 00:53:17.024000,1.19175,1.19172,260000,750000
2021-04-09 00:53:17.075000,1.19172,1.1917,240000,2320000
2021-04-09 00:53:17.126000,1.19175,1.19171,5510000,750000
2021-04-09 00:53:17.228000,1.19175,1.19172,820000,750000
2021-04-09 00:53:22.496000,1.19176,1.19172,5510000,750000
2021-04-09 00:53:22.814000,1.19175,1.19172,100000,750000
2021-04-09 00:53:23.537000,1.19176,1.19172,5510000,750000
2021-04-09 00:53:24.088000,1.19176,1.19174,3150000,750000
2021-04-09 00:53:24.190000,1.19176,1.19172,820000,2320000
2021-04-09 00:53:29.844000,1.19175,1.19172,3070000,750000
2021-04-09 00:53:33.935000,1.19175,1.19171,820000,3000000
2021-04-09 00:53:38.112000,1.19175,1.19172,1500000,190000
2021-04-09 00:53:39.453000,1.19177,1.19174,100000,940000
2021-04-09 00:53:39.555000,1.19177,1.19175,100000,750000
2021-04-09 00:53:39.607000,1.19179,1.19175,2320000,750000
2021-04-09 00:53:41.145000,1.19179,1.19176,750000,750000
2021-04-09 00:53:41.247000,1.19179,1.19175,3750000,1500000
2021-04-09 00:53:44.381000,1.19179,1.19176,750000,750000
2021-04-09 00:53:45.577000,1.19179,1.19175,750000,1870000
2021-04-09 00:53:45.679000,1.19178,1.19175,750000,750000
2021-04-09 00:53:49.904000,1.19179,1.19176,1500000,190000
2021-04-09 00:53:50.005000,1.19178,1.19176,1500000,2510000
2021-04-09 00:53:51.041000,1.19177,1.19173,3370000,1500000
2021-04-09 00:53:51.193000,1.19176,1.19173,750000,750000
2021-04-09 00:54:00.123000,1.19177,1.19173,3450000,750000
2021-04-09 00:54:00.225000,1.19178,1.19175,100000,1500000
2021-04-09 00:54:00.327000,1.1918,1.19179,4720000,750000
2021-04-09 00:54:00.429000,1.19181,1.19177,820000,2250000
2021-04-09 00:54:00.531000,1.1918,1.19177,750000,750000
2021-04-09 00:54:01.802000,1.1918,1.19176,750000,3260000
2021-04-09 00:54:04.212000,1.19182,1.19179,4570000,940000
2021-04-09 00:54:04.314000,1.19182,1.1918,100000,750000
2021-04-09 00:54:04.416000,1.19182,1.19181,1500000,940000
2021-04-09 00:54:04.978000,1.19183,1.19181,1500000,750000
2021-04-09 00:54:05.130000,1.19183,1.1918,1500000,750000
2021-04-09 00:54:05.496000,1.19182,1.19178,2320000,2320000
2021-04-09 00:54:05.598000,1.19181,1.19178,5250000,100000
2021-04-09 00:54:05.699000,1.19181,1.19177,5320000,750000
2021-04-09 00:54:08.211000,1.1918,1.19177,6370000,3260000
2021-04-09 00:54:10.547000,1.19179,1.19175,4500000,4010000
2021-04-09 00:54:16.217000,1.19181,1.19178,1500000,1010000
2021-04-09 00:54:16.318000,1.19182,1.1918,1500000,750000
2021-04-09 00:54:16.830000,1.19184,1.19181,1500000,750000
2021-04-09 00:54:20.151000,1.19185,1.19183,1500000,750000
2021-04-09 00:54:20.253000,1.19185,1.19182,1500000,750000
2021-04-09 00:54:28.376000,1.19184,1.19182,1500000,3340000
2021-04-09 00:54:30.642000,1.19182,1.19178,1500000,1500000
2021-04-09 00:54:30.744000,1.19181,1.19178,7650000,370000
2021-04-09 00:54:30.845000,1.19179,1.19177,1500000,750000
2021-04-09 00:54:30.947000,1.19179,1.19175,2320000,2250000
2021-04-09 00:54:33.248000,1.19177,1.19175,820000,750000
2021-04-09 00:54:33.349000,1.19176,1.19174,2250000,100000
2021-04-09 00:54:33.451000,1.19177,1.19174,1500000,750000
2021-04-09 00:54:36.027000,1.19177,1.19173,1500000,2590000
2021-04-09 00:54:36.492000,1.19176,1.19173,1500000,750000
2021-04-09 00:54:36.593000,1.19176,1.19172,1500000,1840000
2021-04-09 00:54:46.733000,1.19178,1.19176,1500000,940000
2021-04-09 00:54:46.834000,1.1918,1.19177,9000000,940000
2021-04-09 00:54:49.741000,1.1918,1.19178,1500000,1690000
2021-04-09 00:54:49.792000,1.19184,1.19181,6220000,750000
2021-04-09 00:54:53.386000,1.19186,1.19184,1500000,820000
2021-04-09 00:54:53.488000,1.19187,1.19185,1500000,820000
2021-04-09 00:54:53.539000,1.19188,1.19186,1500000,820000
2021-04-09 00:54:54.022000,1.19189,1.19186,1500000,750000
2021-04-09 00:54:54.578000,1.1919,1.19186,1500000,1650000
2021-04-09 00:54:54.679000,1.1919,1.19187,750000,750000
2021-04-09 00:54:58.173000,1.1919,1.19186,1500000,1500000
2021-04-09 00:54:58.325000,1.1919,1.19187,1500000,750000
2021-04-09 00:55:00.067000,1.1919,1.19186,1500000,1950000
2021-04-09 00:55:00.283000,1.19189,1.19188,1500000,750000
2021-04-09 00:55:00.334000,1.19192,1.1919,4350000,820000
2021-04-09 00:55:00.385000,1.19194,1.19192,4870000,750000
2021-04-09 00:55:00.638000,1.19198,1.19196,15040000,1870000
2021-04-09 00:55:00.689000,1.19201,1.19198,8250000,1500000
2021-04-09 00:55:00.790000,1.19199,1.19197,1500000,750000
2021-04-09 00:55:01.145000,1.192,1.19198,1570000,750000
2021-04-09 00:55:01.247000,1.192,1.19197,820000,750000
2021-04-09 00:55:01.449000,1.19201,1.19197,4570000,750000
2021-04-09 00:55:01.807000,1.192,1.19197,750000,260000
2021-04-09 00:55:01.908000,1.19202,1.19199,750000,750000
2021-04-09 00:55:02.010000,1.19203,1.19201,750000,750000
2021-04-09 00:55:02.061000,1.19201,1.19199,750000,1310000
2021-04-09 00:55:02.163000,1.192,1.19198,750000,820000
2021-04-09 00:55:02.472000,1.192,1.19197,750000,1690000
2021-04-09 00:55:03.083000,1.19199,1.19197,750000,750000
2021-04-09 00:55:03.235000,1.192,1.19198,750000,750000
2021-04-09 00:55:04.176000,1.192,1.19197,750000,750000
2021-04-09 00:55:04.626000,1.192,1.19198,750000,370000
2021-04-09 00:55:04.728000,1.19201,1.19199,750000,750000
2021-04-09 00:55:10.139000,1.19201,1.19198,750000,1120000
2021-04-09 00:55:11.234000,1.192,1.19197,750000,1120000
2021-04-09 00:55:11.336000,1.19199,1.19196,750000,1950000
2021-04-09 00:55:11.489000,1.19199,1.19197,750000,750000
2021-04-09 00:55:11.802000,1.19199,1.19196,750000,1200000
2021-04-09 00:55:11.903000,1.19197,1.19195,750000,100000
2021-04-09 00:55:12.106000,1.19197,1.19193,750000,1570000
2021-04-09 00:55:13.666000,1.19196,1.19193,750000,1570000
2021-04-09 00:55:18.012000,1.19197,1.19195,370000,750000
2021-04-09 00:55:18.064000,1.19199,1.19195,3750000,2250000
2021-04-09 00:55:18.472000,1.19199,1.19196,1500000,750000
2021-04-09 00:55:18.575000,1.192,1.19196,2250000,2320000
2021-04-09 00:55:20.244000,1.19199,1.19196,1500000,100000
2021-04-09 00:55:20.396000,1.19198,1.19196,1500000,2770000
2021-04-09 00:55:22.093000,1.19197,1.19195,1500000,3340000
2021-04-09 00:55:22.245000,1.19196,1.19194,2250000,100000
2021-04-09 00:55:22.296000,1.19196,1.19192,2250000,1500000
2021-04-09 00:55:23.393000,1.19195,1.19192,1500000,750000
2021-04-09 00:55:23.494000,1.19194,1.19192,820000,750000
2021-04-09 00:55:23.546000,1.19192,1.1919,1570000,100000
2021-04-09 00:55:23.649000,1.1919,1.19187,100000,1500000
2021-04-09 00:55:23.751000,1.19188,1.19187,100000,1570000
2021-04-09 00:55:23.853000,1.19188,1.19186,820000,100000
2021-04-09 00:55:23.905000,1.19188,1.19184,820000,1650000
2021-04-09 00:55:31.824000,1.19187,1.19183,1500000,4390000
2021-04-09 00:55:32.970000,1.19188,1.19185,1570000,370000
2021-04-09 00:55:33.072000,1.19189,1.19185,820000,3640000
2021-04-09 00:55:33.840000,1.19187,1.19185,750000,1650000
2021-04-09 00:55:33.941000,1.19187,1.19184,750000,2400000
2021-04-09 00:55:34.208000,1.19187,1.19183,750000,4390000
2021-04-09 00:55:35.055000,1.19187,1.19184,750000,100000
2021-04-09 00:55:35.582000,1.19187,1.19183,750000,4390000
2021-04-09 00:55:36.403000,1.19187,1.19184,750000,450000
2021-04-09 00:55:36.777000,1.19187,1.19183,750000,4390000
2021-04-09 00:55:37.943000,1.19187,1.19184,750000,450000
2021-04-09 00:55:38.044000,1.19188,1.19185,750000,1200000
2021-04-09 00:55:38.146000,1.19189,1.19185,1570000,1460000
2021-04-09 00:55:40.428000,1.19189,1.19186,100000,820000
2021-04-09 00:55:40.530000,1.1919,1.19186,1500000,820000
2021-04-09 00:55:40.682000,1.1919,1.19185,1500000,7460000
2021-04-09 00:55:40.792000,1.1919,1.19186,1500000,750000
2021-04-09 00:55:42.103000,1.1919,1.19188,1500000,1500000
2021-04-09 00:55:42.154000,1.19192,1.19189,750000,5140000
2021-04-09 00:55:42.205000,1.19194,1.1919,5850000,940000
2021-04-09 00:55:42.307000,1.19194,1.19191,750000,750000
2021-04-09 00:55:42.408000,1.19194,1.19192,1500000,1690000
2021-04-09 00:55:43.761000,1.19195,1.19193,2250000,1690000
2021-04-09 00:55:43.864000,1.19196,1.19193,750000,940000
2021-04-09 00:55:43.966000,1.19197,1.19193,1500000,370000
2021-04-09 00:55:44.068000,1.19196,1.19192,750000,6640000
2021-04-09 00:55:44.688000,1.19196,1.19195,750000,2510000
2021-04-09 00:55:44.796000,1.19199,1.19195,1570000,3340000
2021-04-09 00:55:44.897000,1.19199,1.19196,750000,1200000
2021-04-09 00:55:45.050000,1.19199,1.19195,820000,3340000
2021-04-09 00:55:46.385000,1.19199,1.19196,820000,750000
2021-04-09 00:55:46.804000,1.19199,1.19195,820000,2590000
2021-04-09 00:55:46.906000,1.19198,1.19195,100000,750000
2021-04-09 00:55:47.009000,1.19196,1.19194,750000,100000
2021-04-09 00:55:47.060000,1.19196,1.19192,750000,6000000
2021-04-09 00:55:47.313000,1.19195,1.19191,750000,3260000
2021-04-09 00:55:48.916000,1.19195,1.19192,820000,750000
2021-04-09 00:55:49.396000,1.19196,1.19192,3070000,750000
2021-04-09 00:55:49.498000,1.19195,1.19192,750000,750000
2021-04-09 00:55:50.399000,1.19195,1.19193,750000,750000
2021-04-09 00:55:50.502000,1.19196,1.19193,750000,940000
2021-04-09 00:55:55.430000,1.19199,1.19196,820000,750000
2021-04-09 00:55:55.532000,1.192,1.19196,1570000,750000
2021-04-09 00:55:58.159000,1.19199,1.19195,2320000,940000
2021-04-09 00:55:58.260000,1.19198,1.19195,100000,750000
2021-04-09 00:55:58.362000,1.19198,1.19194,1650000,750000
2021-04-09 00:55:58.463000,1.19197,1.19194,100000,750000
2021-04-09 00:56:01.052000,1.19197,1.19193,820000,940000
2021-04-09 00:56:01.153000,1.19195,1.19192,750000,940000
2021-04-09 00:56:03.817000,1.19196,1.19192,820000,940000
2021-04-09 00:56:11.314000,1.19194,1.19191,750000,750000
2021-04-09 00:56:11.416000,1.19193,1.1919,750000,820000
2021-04-09 00:56:11.517000,1.19192,1.19189,100000,750000
2021-04-09 00:56:11.619000,1.19191,1.19188,820000,100000
2021-04-09 00:56:11.721000,1.1919,1.19187,820000,750000
2021-04-09 00:56:11.974000,1.19189,1.19187,100000,750000
2021-04-09 00:56:12.076000,1.1919,1.19187,1570000,750000
2021-04-09 00:56:15.779000,1.19193,1.19189,6600000,2510000
2021-04-09 00:56:17.453000,1.19193,1.19191,1500000,2510000
2021-04-09 00:56:17.555000,1.19194,1.19191,820000,750000
2021-04-09 00:56:18.404000,1.19195,1.19191,3820000,750000
2021-04-09 00:56:21.938000,1.19193,1.19189,1570000,2700000
2021-04-09 00:56:22.495000,1.19192,1.19188,100000,1500000
2021-04-09 00:56:22.596000,1.19191,1.19188,820000,750000
2021-04-09 00:56:22.749000,1.1919,1.19188,750000,750000
2021-04-09 00:56:22.850000,1.1919,1.19187,750000,750000
2021-04-09 00:56:23.947000,1.19189,1.19186,100000,750000
2021-04-09 00:56:24.126000,1.19186,1.19185,750000,1200000
2021-04-09 00:56:24.228000,1.19187,1.19183,820000,1500000
2021-04-09 00:57:04.987000,1.19188,1.19184,1950000,750000
2021-04-09 00:57:05.090000,1.19188,1.19185,1390000,750000
2021-04-09 00:57:05.193000,1.19187,1.19183,2320000,1500000
2021-04-09 00:57:05.404000,1.19186,1.19183,100000,750000
2021-04-09 00:57:05.505000,1.19186,1.19182,100000,1500000
2021-04-09 00:57:06.147000,1.19185,1.19182,100000,1500000
2021-04-09 00:57:12.618000,1.19184,1.1918,2700000,1570000
2021-04-09 00:57:12.721000,1.19182,1.1918,3340000,100000
2021-04-09 00:57:12.772000,1.1918,1.19178,820000,370000
2021-04-09 00:57:12.824000,1.19179,1.19177,820000,1690000
2021-04-09 00:57:12.977000,1.19179,1.19176,100000,1500000
2021-04-09 00:57:13.929000,1.19176,1.19175,1500000,1200000
2021-04-09 00:57:13.980000,1.19179,1.19174,6070000,2590000
2021-04-09 00:57:14.082000,1.19179,1.19175,4570000,750000
2021-04-09 00:57:45.358000,1.1918,1.19176,4760000,750000
2021-04-09 00:57:45.859000,1.1918,1.19177,4570000,750000
2021-04-09 00:57:45.910000,1.19182,1.19178,7500000,2620000
2021-04-09 00:57:45.961000,1.19182,1.1918,5170000,750000
2021-04-09 00:57:46.114000,1.19184,1.1918,750000,1760000
2021-04-09 00:57:46.215000,1.19185,1.19181,520000,1500000
2021-04-09 00:57:50.459000,1.19187,1.19183,6450000,190000
2021-04-09 00:57:52.010000,1.19187,1.19184,100000,750000
2021-04-09 00:57:56.891000,1.19186,1.19182,100000,1760000
2021-04-09 00:57:59.480000,1.19186,1.19181,2320000,7010000
2021-04-09 00:58:00.179000,1.19185,1.19181,100000,1500000
2021-04-09 00:58:06.388000,1.19184,1.1918,1650000,3750000
2021-04-09 00:58:06.490000,1.19183,1.1918,100000,750000
2021-04-09 00:58:06.591000,1.19183,1.19179,1650000,2440000
2021-04-09 00:58:20.684000,1.19185,1.19181,1650000,750000
2021-04-09 00:58:20.785000,1.19185,1.19182,100000,750000
2021-04-09 00:58:20.887000,1.19186,1.19182,5400000,750000
2021-04-09 00:58:31.274000,1.19187,1.19182,7270000,2510000
2021-04-09 00:58:33.270000,1.19188,1.19184,4870000,1500000
2021-04-09 00:58:38.103000,1.19189,1.19184,11250000,2320000
2021-04-09 00:58:38.451000,1.19189,1.19186,3150000,750000
2021-04-09 00:58:38.920000,1.1919,1.19187,10420000,750000
2021-04-09 00:58:39.477000,1.19189,1.19187,100000,750000
2021-04-09 00:58:40.652000,1.1919,1.19187,820000,750000
2021-04-09 00:58:41.108000,1.19188,1.19187,100000,750000
2021-04-09 00:58:41.597000,1.1919,1.19187,100000,750000
2021-04-09 00:58:46.067000,1.19189,1.19187,820000,750000
2021-04-09 00:58:46.118000,1.19188,1.19184,3070000,1950000
2021-04-09 00:58:46.270000,1.19189,1.19184,7350000,2510000
2021-04-09 00:58:48.357000,1.1919,1.19186,8250000,750000
2021-04-09 00:58:48.509000,1.1919,1.19187,2020000,750000
2021-04-09 00:58:49.353000,1.1919,1.19185,2320000,3260000
2021-04-09 00:58:49.504000,1.19189,1.19185,100000,3190000
2021-04-09 00:58:49.606000,1.1919,1.19185,5320000,3190000
2021-04-09 00:58:52.984000,1.1919,1.19187,3750000,750000
2021-04-09 00:58:54.959000,1.1919,1.19186,4500000,750000
2021-04-09 00:58:55.819000,1.1919,1.19187,3750000,750000
2021-04-09 00:58:57.783000,1.19191,1.19187,2510000,750000
2021-04-09 00:58:58.142000,1.1919,1.19187,1570000,750000
2021-04-09 00:59:01.457000,1.1919,1.19186,3940000,1500000
2021-04-09 00:59:04.948000,1.1919,1.19187,3750000,750000
2021-04-09 00:59:05.151000,1.19191,1.19187,1870000,750000
2021-04-09 00:59:06.665000,1.19193,1.19188,9260000,1500000
2021-04-09 00:59:06.766000,1.19192,1.19188,750000,1500000
2021-04-09 00:59:11.110000,1.19191,1.19188,100000,750000
2021-04-09 00:59:11.212000,1.19189,1.19186,750000,1950000
2021-04-09 00:59:11.284000,1.19188,1.19184,3070000,9560000
2021-04-09 00:59:18.628000,1.19188,1.19185,750000,750000
2021-04-09 00:59:18.679000,1.19189,1.19186,5320000,1760000
2021-04-09 00:59:18.831000,1.1919,1.19187,750000,750000
2021-04-09 00:59:18.983000,1.19191,1.19187,4200000,750000
2021-04-09 00:59:22.099000,1.1919,1.19187,1010000,750000
2021-04-09 00:59:22.201000,1.19189,1.19186,260000,750000
2021-04-09 00:59:22.302000,1.19188,1.19185,100000,750000
2021-04-09 00:59:29.986000,1.19189,1.19185,3820000,750000
2021-04-09 00:59:30.087000,1.19189,1.19186,750000,750000
2021-04-09 00:59:30.189000,1.1919,1.19186,820000,1690000
2021-04-09 00:59:36.920000,1.19189,1.19186,100000,750000
2021-04-09 00:59:39.342000,1.1919,1.19186,100000,1760000
2021-04-09 00:59:39.444000,1.19191,1.19186,6070000,1760000
2021-04-09 00:59:40.236000,1.19191,1.19188,750000,750000
2021-04-09 00:59:40.388000,1.19193,1.19189,2020000,1500000
2021-04-09 00:59:44.196000,1.19194,1.19189,2960000,2320000
2021-04-09 00:59:45.623000,1.19194,1.1919,1010000,750000
2021-04-09 00:59:45.825000,1.19194,1.19193,820000,750000
2021-04-09 00:59:48.276000,1.19194,1.19192,820000,750000
2021-04-09 00:59:48.378000,1.19195,1.19192,820000,750000
2021-04-09 00:59:50.750000,1.19196,1.19192,4200000,750000
2021-04-09 00:59:51.561000,1.19197,1.19194,1760000,750000
2021-04-09 00:59:56.958000,1.19197,1.19193,4950000,750000
2021-04-09 00:59:57.599000,1.19196,1.19193,100000,750000
2021-04-09 00:59:59.090000,1.19195,1.19192,1200000,750000
2021-04-09 00:59:59.192000,1.19194,1.19192,100000,750000
2021-04-09 01:00:00.341000,1.19195,1.19192,900000,750000
2021-04-09 01:00:00.443000,1.19196,1.19193,1200000,750000
2021-04-09 01:00:02.605000,1.19197,1.19194,750000,750000
2021-04-09 01:00:03.113000,1.19194,1.19192,820000,750000
2021-04-09 01:00:03.624000,1.19194,1.1919,4090000,750000
2021-04-09 01:00:03.725000,1.19192,1.1919,900000,1500000
2021-04-09 01:00:04.523000,1.1919,1.19188,100000,6260000
2021-04-09 01:00:06.718000,1.19192,1.19187,5400000,2510000
2021-04-09 01:00:07.022000,1.19193,1.19189,3150000,1690000
2021-04-09 01:00:07.427000,1.19194,1.19189,6070000,1840000
2021-04-09 01:00:07.680000,1.19194,1.1919,820000,940000
2021-04-09 01:00:21.980000,1.19193,1.1919,3260000,370000
2021-04-09 01:00:22.082000,1.19191,1.19188,100000,100000
2021-04-09 01:00:22.184000,1.19191,1.19187,820000,8810000
2021-04-09 01:00:23.183000,1.19191,1.19189,820000,1310000
2021-04-09 01:00:23.385000,1.19192,1.19189,820000,750000
2021-04-09 01:00:23.550000,1.19192,1.19188,3070000,1010000
2021-04-09 01:00:24.745000,1.19193,1.19189,100000,1500000
2021-04-09 01:00:24.847000,1.19194,1.1919,100000,1570000
2021-04-09 01:00:24.950000,1.19195,1.19191,3900000,750000
2021-04-09 01:00:25.052000,1.19195,1.19192,100000,750000
2021-04-09 01:00:25.153000,1.19196,1.19192,6150000,750000
2021-04-09 01:00:25.306000,1.19194,1.19193,100000,750000
2021-04-09 01:00:27.922000,1.19196,1.19192,6150000,750000
2021-04-09 01:00:37.304000,1.19195,1.19194,820000,750000
2021-04-09 01:00:37.355000,1.19198,1.19195,1690000,750000
2021-04-09 01:00:37.457000,1.19199,1.19197,100000,750000
2021-04-09 01:00:37.559000,1.192,1.19197,750000,750000
2021-04-09 01:00:39.102000,1.19201,1.19197,100000,1690000
2021-04-09 01:00:39.204000,1.19202,1.19198,1570000,3940000
2021-04-09 01:00:39.305000,1.19203,1.192,820000,750000
2021-04-09 01:00:41.046000,1.19202,1.19198,2320000,820000
2021-04-09 01:00:42.081000,1.19201,1.19198,100000,750000
2021-04-09 01:00:46.756000,1.19202,1.19198,750000,1010000
2021-04-09 01:00:46.858000,1.19203,1.19199,750000,2140000
2021-04-09 01:00:49.690000,1.19202,1.19199,2320000,750000
2021-04-09 01:00:52.011000,1.192,1.19198,820000,2440000
2021-04-09 01:00:53.726000,1.192,1.19197,100000,750000
2021-04-09 01:00:53.975000,1.19201,1.19197,820000,940000
2021-04-09 01:00:56.787000,1.192,1.19197,750000,750000
2021-04-09 01:00:56.888000,1.19199,1.19196,1570000,750000
2021-04-09 01:00:57.293000,1.192,1.19196,1570000,750000
2021-04-09 01:00:58.936000,1.192,1.19197,750000,190000
2021-04-09 01:00:59.240000,1.19201,1.19197,820000,940000
2021-04-09 01:01:00.613000,1.19203,1.19199,2320000,940000
2021-04-09 01:01:01.068000,1.19201,1.19199,100000,1500000
2021-04-09 01:01:01.271000,1.19202,1.19199,2250000,750000
2021-04-09 01:01:01.474000,1.19201,1.19199,100000,750000
2021-04-09 01:01:01.686000,1.19201,1.19197,100000,1500000
2021-04-09 01:01:02.466000,1.19199,1.19198,750000,750000
2021-04-09 01:01:03.376000,1.19201,1.19197,1570000,750000
2021-04-09 01:01:03.477000,1.192,1.19197,820000,750000
2021-04-09 01:01:13.908000,1.19199,1.19195,1500000,2590000
2021-04-09 01:01:19.469000,1.19199,1.19196,820000,750000
2021-04-09 01:01:20.596000,1.19197,1.19194,1570000,1390000
2021-04-09 01:01:20.698000,1.19196,1.19194,820000,100000
2021-04-09 01:01:20.799000,1.19196,1.19192,1650000,820000
2021-04-09 01:01:22.048000,1.19197,1.19194,750000,750000
2021-04-09 01:01:24.411000,1.19197,1.19195,750000,750000
2021-04-09 01:01:24.513000,1.19199,1.19195,1570000,820000
2021-04-09 01:01:24.615000,1.19199,1.19196,820000,750000
2021-04-09 01:01:26.673000,1.192,1.19196,1500000,1690000
2021-04-09 01:01:27.942000,1.19199,1.19195,2320000,820000
2021-04-09 01:01:28.044000,1.19198,1.19195,100000,750000
2021-04-09 01:01:31.518000,1.19199,1.19195,820000,1570000
2021-04-09 01:01:32.489000,1.192,1.19196,750000,940000
2021-04-09 01:01:34.734000,1.192,1.19197,750000,750000
2021-04-09 01:01:42.116000,1.19201,1.19198,2320000,190000
2021-04-09 01:01:42.218000,1.19201,1.19199,7270000,750000
2021-04-09 01:01:42.371000,1.19201,1.19198,820000,750000
2021-04-09 01:01:42.566000,1.192,1.19197,820000,750000
2021-04-09 01:01:42.669000,1.19199,1.19196,1500000,100000
2021-04-09 01:01:42.771000,1.19199,1.19195,2320000,750000
2021-04-09 01:01:43.051000,1.19198,1.19195,100000,750000
2021-04-09 01:01:48.143000,1.19201,1.19198,100000,1010000
2021-04-09 01:01:48.296000,1.192,1.19197,100000,940000
2021-04-09 01:01:48.786000,1.19199,1.19197,100000,750000
2021-04-09 01:01:51.263000,1.19199,1.19195,900000,1840000
2021-04-09 01:01:52.353000,1.19198,1.19195,100000,750000
2021-04-09 01:01:52.566000,1.192,1.19195,6450000,1690000
2021-04-09 01:01:52.973000,1.192,1.19196,1570000,820000
2021-04-09 01:01:55.909000,1.192,1.19199,820000,750000
2021-04-09 01:01:55.960000,1.19203,1.19199,4760000,750000
2021-04-09 01:01:56.491000,1.19204,1.19199,5890000,1500000
2021-04-09 01:02:00.553000,1.19202,1.192,750000,820000
2021-04-09 01:02:01.921000,1.19199,1.19198,100000,6600000
2021-04-09 01:02:02.124000,1.192,1.19196,820000,1570000
2021-04-09 01:02:02.781000,1.19199,1.19196,100000,1500000
2021-04-09 01:02:02.933000,1.19199,1.19195,2320000,150000
2021-04-09 01:02:04.319000,1.19199,1.19196,100000,750000
2021-04-09 01:02:04.420000,1.192,1.19196,1570000,820000
2021-04-09 01:02:06.825000,1.19201,1.19197,5320000,100000
2021-04-09 01:02:07.437000,1.19202,1.19198,820000,2510000
2021-04-09 01:02:07.590000,1.19203,1.19199,750000,1500000
2021-04-09 01:02:08.271000,1.19201,1.19198,750000,900000
2021-04-09 01:02:08.475000,1.19201,1.19197,820000,3260000
2021-04-09 01:02:09.474000,1.19201,1.19198,100000,750000
2021-04-09 01:02:09.525000,1.19203,1.19198,4760000,1500000
2021-04-09 01:02:11.786000,1.19202,1.19198,1500000,2510000
2021-04-09 01:02:11.887000,1.19201,1.19198,820000,750000
2021-04-09 01:02:16.034000,1.192,1.19196,100000,2440000
2021-04-09 01:02:17.770000,1.19199,1.19196,820000,750000
2021-04-09 01:02:20.350000,1.192,1.19196,2320000,1500000
2021-04-09 01:02:22.068000,1.19201,1.19197,6640000,750000
2021-04-09 01:02:23.163000,1.192,1.19197,820000,750000
2021-04-09 01:02:23.315000,1.19199,1.19195,1500000,2020000
2021-04-09 01:02:23.619000,1.19198,1.19194,820000,2440000
2021-04-09 01:02:24.313000,1.19199,1.19195,820000,1500000
2021-04-09 01:02:24.414000,1.19201,1.19196,5960000,1570000
2021-04-09 01:02:25.699000,1.19199,1.19196,820000,750000
2021-04-09 01:02:27.178000,1.19199,1.19194,6900000,2510000
2021-04-09 01:02:27.385000,1.19196,1.19193,1650000,820000
2021-04-09 01:02:27.487000,1.19195,1.19193,1650000,100000
2021-04-09 01:02:27.538000,1.19194,1.19191,100000,750000
2021-04-09 01:02:27.639000,1.19194,1.1919,3150000,750000
2021-04-09 01:02:27.741000,1.19192,1.19189,3070000,100000
2021-04-09 01:02:27.843000,1.19192,1.19188,5320000,750000
2021-04-09 01:02:27.944000,1.19192,1.19189,3370000,750000
2021-04-09 01:02:28.046000,1.19193,1.19189,5700000,750000
2021-04-09 01:02:29.595000,1.19192,1.19189,1200000,750000
2021-04-09 01:02:29.696000,1.19191,1.19187,1500000,3710000
2021-04-09 01:02:29.899000,1.1919,1.19186,3070000,2440000
2021-04-09 01:02:30.102000,1.19191,1.19188,750000,750000
2021-04-09 01:02:30.204000,1.19192,1.19188,100000,1500000
2021-04-09 01:02:30.457000,1.19193,1.19188,6450000,2590000
2021-04-09 01:02:32.598000,1.19191,1.19188,1500000,940000
2021-04-09 01:02:32.699000,1.19191,1.19187,1570000,1950000
2021-04-09 01:02:33.556000,1.1919,1.19186,820000,1760000
2021-04-09 01:02:35.503000,1.19191,1.19186,5320000,2510000
2021-04-09 01:02:37.819000,1.1919,1.19186,100000,2810000
2021-04-09 01:02:37.920000,1.19191,1.19186,5320000,2510000
2021-04-09 01:02:39.961000,1.1919,1.19186,100000,2440000
2021-04-09 01:02:40.271000,1.19191,1.19186,5700000,2510000
2021-04-09 01:02:41.996000,1.1919,1.19186,100000,2810000
2021-04-09 01:02:43.554000,1.19191,1.19186,6450000,2890000
2021-04-09 01:02:44.603000,1.19189,1.19186,750000,2140000
2021-04-09 01:02:44.754000,1.1919,1.19187,750000,1760000
2021-04-09 01:02:48.841000,1.1919,1.19188,750000,750000
2021-04-09 01:02:48.891000,1.19192,1.19188,820000,1120000
2021-04-09 01:02:48.993000,1.19192,1.19189,820000,750000
2021-04-09 01:02:51.299000,1.19191,1.19187,1500000,2020000
2021-04-09 01:02:51.552000,1.1919,1.19187,1500000,750000
2021-04-09 01:02:52.885000,1.1919,1.19186,2320000,750000
2021-04-09 01:02:52.987000,1.19189,1.19186,5250000,750000
2021-04-09 01:02:53.089000,1.19189,1.19185,5320000,750000
2021-04-09 01:02:54.888000,1.19189,1.19184,6070000,3340000
2021-04-09 01:02:54.990000,1.19189,1.19185,6000000,100000
2021-04-09 01:02:55.093000,1.19188,1.19184,750000,3260000
2021-04-09 01:02:55.348000,1.19187,1.19184,750000,750000
2021-04-09 01:02:57.551000,1.19188,1.19184,750000,3260000
2021-04-09 01:03:00.870000,1.19186,1.19183,1570000,1200000
2021-04-09 01:03:01.022000,1.19186,1.19182,5320000,750000
2021-04-09 01:03:02.546000,1.19185,1.19181,750000,4010000
2021-04-09 01:03:04.160000,1.19183,1.19181,940000,1120000
2021-04-09 01:03:04.211000,1.1918,1.19177,100000,12520000
2021-04-09 01:03:04.313000,1.19179,1.19177,1500000,7500000
2021-04-09 01:03:04.414000,1.19179,1.19176,1570000,750000
2021-04-09 01:03:08.713000,1.19178,1.19174,2250000,2320000
2021-04-09 01:03:10.952000,1.19177,1.19176,1500000,750000
2021-04-09 01:03:11.999000,1.19178,1.19174,1500000,2510000
2021-04-09 01:03:13.791000,1.19177,1.19176,750000,750000
2021-04-09 01:03:14.757000,1.1918,1.19175,5320000,4090000
2021-04-09 01:03:14.858000,1.19179,1.19177,5320000,190000
2021-04-09 01:03:15.494000,1.19179,1.19176,100000,190000
2021-04-09 01:03:15.601000,1.1918,1.19176,5320000,190000
2021-04-09 01:03:15.904000,1.19179,1.19176,100000,940000
2021-04-09 01:03:16.005000,1.1918,1.19176,5320000,940000
2021-04-09 01:03:16.966000,1.19179,1.19176,100000,940000
2021-04-09 01:03:17.118000,1.1918,1.19176,5320000,940000
2021-04-09 01:03:23.743000,1.1918,1.19175,5320000,3340000
2021-04-09 01:03:25.422000,1.19179,1.19175,3750000,3340000
2021-04-09 01:03:25.575000,1.19177,1.19175,1570000,3260000
2021-04-09 01:03:32.107000,1.19176,1.19173,750000,750000
2021-04-09 01:03:32.209000,1.19176,1.19172,1500000,5960000
2021-04-09 01:03:32.641000,1.19175,1.19172,750000,3940000
2021-04-09 01:03:32.845000,1.19174,1.19172,750000,190000
2021-04-09 01:03:32.947000,1.19173,1.19172,750000,940000
2021-04-09 01:03:34.424000,1.19173,1.19171,750000,750000
2021-04-09 01:03:37.509000,1.19173,1.1917,750000,900000
2021-04-09 01:03:40.072000,1.19174,1.1917,750000,1500000
2021-04-09 01:04:03.660000,1.19174,1.19171,750000,750000
2021-04-09 01:04:08.682000,1.19177,1.19175,820000,750000
2021-04-09 01:04:08.886000,1.19179,1.19175,820000,1310000
2021-04-09 01:04:09.502000,1.19178,1.19174,750000,2140000
2021-04-09 01:04:13.403000,1.19178,1.19175,750000,750000
2021-04-09 01:04:13.505000,1.19179,1.19175,750000,750000
2021-04-09 01:04:14.620000,1.19179,1.19176,750000,750000
2021-04-09 01:04:15.132000,1.1918,1.19176,1500000,940000
2021-04-09 01:04:22.673000,1.19182,1.19179,750000,750000
2021-04-09 01:04:22.825000,1.19183,1.19179,820000,750000
2021-04-09 01:04:24.602000,1.19183,1.1918,750000,750000
2021-04-09 01:04:24.703000,1.19184,1.1918,750000,1120000
2021-04-09 01:04:26.323000,1.19183,1.19179,750000,4570000
2021-04-09 01:04:34.615000,1.19181,1.19178,750000,1120000
2021-04-09 01:04:34.717000,1.19181,1.19177,5320000,820000
2021-04-09 01:04:34.823000,1.1918,1.19176,1570000,2250000
2021-04-09 01:04:35.233000,1.19179,1.19175,1570000,1500000
2021-04-09 01:04:36.568000,1.19177,1.19176,100000,750000
2021-04-09 01:04:36.721000,1.19176,1.19175,1500000,750000
2021-04-09 01:04:36.824000,1.19178,1.19174,1650000,750000
2021-04-09 01:04:43.390000,1.19178,1.19173,2400000,5250000
2021-04-09 01:04:55.408000,1.19176,1.19173,750000,1500000
2021-04-09 01:04:55.510000,1.19176,1.19172,2510000,2250000
2021-04-09 01:04:55.612000,1.19175,1.19171,1500000,6190000
2021-04-09 01:05:03.335000,1.19176,1.19172,6670000,2250000
2021-04-09 01:05:03.436000,1.19176,1.19173,1570000,750000
2021-04-09 01:05:04.435000,1.19176,1.19172,1500000,6000000
2021-04-09 01:05:07.507000,1.19177,1.19173,1500000,6260000
2021-04-09 01:05:20.802000,1.19178,1.19174,1500000,1500000
2021-04-09 01:05:20.903000,1.19179,1.19175,2400000,750000
2021-04-09 01:05:21.055000,1.1918,1.19176,5440000,1500000
2021-04-09 01:05:23.529000,1.19179,1.19176,100000,1500000
2021-04-09 01:05:23.631000,1.1918,1.19175,5320000,3070000
2021-04-09 01:05:23.985000,1.19179,1.19175,100000,3000000
2021-04-09 01:05:24.086000,1.1918,1.19175,5400000,3000000
2021-04-09 01:05:26.694000,1.19178,1.19176,100000,3070000
2021-04-09 01:05:26.795000,1.1918,1.19175,5320000,3070000
2021-04-09 01:05:31.448000,1.19179,1.19176,750000,750000
2021-04-09 01:05:31.549000,1.1918,1.19176,5320000,750000
2021-04-09 01:05:32.530000,1.19179,1.19176,750000,750000
2021-04-09 01:05:32.631000,1.1918,1.19176,5590000,750000
2021-04-09 01:05:32.834000,1.19179,1.19176,750000,750000
2021-04-09 01:05:32.935000,1.19179,1.19177,1760000,750000
2021-04-09 01:05:33.982000,1.19179,1.19175,940000,2320000
2021-04-09 01:05:34.083000,1.19176,1.19174,1010000,100000
2021-04-09 01:05:34.185000,1.19174,1.19173,750000,750000
2021-04-09 01:05:34.287000,1.19175,1.19171,750000,6260000
2021-04-09 01:05:40.034000,1.19175,1.19173,750000,750000
2021-04-09 01:05:40.085000,1.19178,1.19175,4800000,1500000
2021-04-09 01:05:40.237000,1.19179,1.19175,750000,2250000
2021-04-09 01:05:40.747000,1.19178,1.19175,750000,1500000
2021-04-09 01:05:40.848000,1.19179,1.19175,1570000,2320000
2021-04-09 01:05:42.698000,1.19176,1.19175,750000,1500000
2021-04-09 01:05:48.798000,1.19177,1.19173,1650000,5250000
2021-04-09 01:05:48.899000,1.19175,1.19174,750000,4500000
2021-04-09 01:05:49.890000,1.19178,1.19175,100000,1500000
2021-04-09 01:05:50.042000,1.19178,1.19176,100000,1500000
2021-04-09 01:05:50.093000,1.19179,1.19177,1570000,1500000
2021-04-09 01:05:52.417000,1.19179,1.19176,100000,1500000
2021-04-09 01:05:52.620000,1.1918,1.19176,2590000,1500000
2021-04-09 01:05:56.178000,1.19179,1.19176,100000,1500000
2021-04-09 01:05:56.281000,1.1918,1.19176,1500000,4500000
2021-04-09 01:05:58.574000,1.19181,1.19178,1500000,3000000
2021-04-09 01:05:59.958000,1.19181,1.19179,1500000,4120000
2021-04-09 01:06:01.312000,1.19183,1.1918,750000,1500000
2021-04-09 01:06:01.414000,1.19183,1.19182,820000,1500000
2021-04-09 01:06:01.516000,1.19185,1.19181,1500000,1500000
2021-04-09 01:06:05.644000,1.19184,1.1918,1500000,5250000
2021-04-09 01:06:05.746000,1.19183,1.1918,820000,750000
2021-04-09 01:06:06.286000,1.19182,1.1918,750000,750000
2021-04-09 01:06:07.870000,1.19181,1.19178,750000,370000
2021-04-09 01:06:07.972000,1.19181,1.19177,2320000,1500000
2021-04-09 01:06:08.073000,1.1918,1.19176,2250000,2440000
2021-04-09 01:06:10.503000,1.19181,1.19178,750000,750000
2021-04-09 01:06:17.038000,1.19182,1.19178,750000,2320000
2021-04-09 01:06:19.599000,1.19181,1.19178,4500000,750000
2021-04-09 01:06:21.172000,1.1918,1.19177,1570000,750000
2021-04-09 01:06:21.526000,1.19179,1.19177,750000,750000
